2666 4100
58 153 198 218 litteris
231 153 384 238 oppositi;
416 153 532 238 vulgus
569 152 658 238 quasi
692 153 780 217 illam
817 176 939 238 semper
976 155 1179 219 decantantes

58 288 216 330 naeniam

213 403 227 423 ‘⁸
238 395 338 460 Nempe
349 395 449 444 mallem
460 410 539 444 unum
551 396 672 444 Catonem
683 411 759 459 quam
770 399 896 444 trecentos
907 395 1045 444 Socrates?

59 503 181 588 Atqui
198 503 264 567 sola
278 508 345 567 erat
359 502 394 566 in
409 502 527 566 Graecis
541 501 645 586 posita
660 502 874 566 Romanarum
888 524 1051 566 musarum
1065 503 1156 588 spes!

111 614 249 679 XVII.¹
260 614 374 678 Valeat
393 637 469 698 ergo
488 637 537 679 res
552 613 673 678 ludicra
693 613 919 692 Romanorum,
935 613 1062 679 valeant
1080 619 1180 698 poetae

63 705 215 792 scenici!
261 725 374 811 Neque
404 731 441 789 ut
470 748 559 810 spero
590 727 624 789 in
653 725 799 810 operibus
828 747 936 791 eorum
964 724 1180 790 examinandis

61 841 200 904 famam
229 839 393 904 hominum
423 837 569 902 laesimus.
624 837 840 902 Elaboravisse
866 838 951 902 enim
976 860 1033 922 pro
1060 837 1180 912 viribus

63 958 180 1018 artem
204 972 328 1014 summa
349 955 398 1014 est
419 950 497 1029 laus,
513 972 582 1014 eam
605 949 646 1013 ad
667 949 788 1014 bonum
809 954 959 1014 eventum
981 949 1093 1014 duoere
1115 949 1179 1014 for-

63 1069 162 1127 tunae
193 1061 311 1146 partim
338 1067 396 1126 est.
455 1062 569 1146 Itaque
594 1066 632 1125 ut
662 1083 714 1125 eos
743 1065 856 1125 nautas
885 1060 1087 1140 admiramur,
1112 1063 1179 1148 qui,

65 1173 225 1259 quamvis
248 1174 281 1236 in
302 1197 423 1239 vanum
448 1173 636 1251 laborantes,
659 1172 746 1238 viam
771 1195 888 1238 novam
912 1173 996 1237 inter
1021 1173 1121 1237 maria
1147 1183 1180 1238 et

64 1285 278 1351 continentes
293 1285 424 1369 experti,
439 1285 617 1370 perierimt3
640 1291 678 1348 ut
700 1307 765 1349 non
787 1284 890 1369 magis
910 1267 962 1349 eos
984 1284 1102 1349 milites
1125 1285 1179 1370 qui

65 1397 104 1461 in
121 1396 282 1482 oppidum
296 1402 542 1481 penetraverunt
557 1418 651 1481 quam
666 1418 718 1460 eos
732 1395 787 1481 qui
801 1396 903 1482 primo
918 1418 1071 1482 aggressu
1085 1402 1180 1481 atque

66 1510 106 1573 in
128 1509 206 1595 ipso
227 1530 344 1593 aggere
361 1509 479 1594 jacent,
494 1508 541 1573 ita
561 1507 728 1593 scriptores
750 1530 815 1572 non
838 1507 971 1572 minima
996 1515 1179 1574 meruerunt

67 1621 219 1708 praemia,
246 1620 312 1706 qui,
338 1643 457 1686 novum
483 1621 627 1706 aggressi
654 1619 863 1704 componendi
893 1643 1006 1705 genus,
1036 1622 1180 1706 exempla

70 1731 216 1818 posteris
241 1732 445 1817 reliquerunt,
471 1737 503 1796 et
526 1737 563 1796 ut
592 1731 640 1795 illi
670 1735 816 1796 caverent
844 1731 1022 1796 effecerunt.
1077 1733 1179 1818 Atqui

70 1845 157 1909 bene
174 1865 209 1908 se
223 1865 272 1908 res
286 1843 439 1909 litteraria
454 1845 584 1909 haberet
598 1844 626 1908 si
639 1842 722 1908 nihil
736 1843 776 1907 ab
796 1842 936 1928 antiquis
955 1844 1179 1928 accepissemus

73 1956 126 2020 his
151 1954 292 2020 deterius
314 1961 347 2020 et
369 1956 539 2021 molestius.
588 1955 704 2035 Immo,
727 1976 919 2040 quamquam
940 1955 976 2019 in
998 1955 1180 2021 universum

73 2066 238 2132 eredimus
267 2067 403 2152 optimos
429 2067 525 2132 libros
550 2067 736 2152 longissimo
764 2089 831 2132 esse
856 2067 931 2131 vitre
962 2067 1074 2152 spatio,
1101 2073 1179 2153 quot

74 2177 181 2242 millia
216 2178 404 2263 paginarum
436 2178 624 2264 scriptarum
659 2201 785 2264 prorsus
819 2177 996 2264 abjicerem,
1025 2179 1053 2243 si
1082 2202 1179 2244 unam

75 2287 195 2353 saltem
221 2293 277 2353 aut
302 2289 363 2354 duo
386 2289 485 2353 Ennii
510 2288 632 2354 fabulas
657 2311 781 2374 possem
804 2289 975 2354 redimere!
1009 2288 1072 2354 Sed
1097 2312 1180 2354 vana

75 2406 156 2464 sunt
171 2400 239 2464 haee
253 2399 416 2480 desideria,
432 2423 514 2466 vana
528 2401 657 2466 omnino
677 2399 859 2487 hujusmodi
876 2423 947 2486 spes
968 2401 1007 2465 de
1026 2401 1065 2466 iis
1089 2423 1179 2467 revo-

80 2513 193 2578 candis
215 2535 284 2598 quae
306 2518 381 2578 sunt
402 2514 570 2598 preterita.
629 2514 701 2578 Hoe
723 2536 799 2599 ergo
821 2513 911 2599 quasi
931 2535 1029 2600 parvo
1049 2513 1179 2600 pulvere

77 2625 198 2710 injecto
230 2623 357 2689 honoris
386 2647 489 2705 eausa,
520 2626 613 2691 hosce
642 2631 751 2711 poetas
787 2625 961 2728 relinquere
990 2627 1060 2712 jam
1088 2625 1177 2692 festi-

79 2757 208 2813 namus,
223 2740 257 2798 et

320 2866 338 2892 “
346 2864 395 2927 Sic,
408 2865 429 2916 Ο
440 2867 476 2917 sio
486 2869 595 2932 positum
607 2867 677 2918 affati
689 2867 815 2918 disoedere
826 2868 940 2932 eorpus.”

411 3147 425 3180 t
