2686 4126
328 4 373 70 te
421 21 547 69 censeo
582 2 675 68 'oeso
709 2 956 68 'omanorum

20 215 23 252 ι
78 195 240 261 habemus
269 193 304 258 in
332 193 429 257 Ennii
457 192 586 277 prologo
616 191 772 270 relietum,
802 191 857 275 qui
885 195 918 256 et
947 190 1043 256 durus
1072 194 1121 254 est
1149 193 1182 254 et

20 325 22 364 i
77 305 247 391 Euripidis
273 304 431 390 elegantia
453 326 580 388 prorsus
605 307 701 381 earet,
723 302 778 368 sed
803 325 970 368 nervosum
996 300 1064 366 sine
1086 299 1184 365 dubio

20 437 25 476 ι
80 417 187 501 spirat
211 415 330 501 aliquid
354 420 388 480 et
413 415 601 480 animosum.
647 413 741 479 Quod
765 435 840 499 ergo
862 412 981 478 'lullius
1005 413 1183 476 Ennianum

20 551 24 588 ι
80 527 236 592 Medeam
268 526 469 612 praeponebat
498 524 685 609 Euripideae,
715 525 845 590 minime
878 547 985 588 sumus
1015 522 1183 607 ¹sententiae

20 665 23 702 ι
81 639 154 724 ejus
176 642 330 717 auctores,
349 659 450 722 neque
468 642 575 702 tamen
593 636 721 702 omnino
739 658 804 701 non
823 634 1041 720 intelligimus.
1086 633 1183 702 Illum

20 779 23 814 s
80 750 173 816 enim
194 755 321 834 poetam
340 748 514 814 minoribus
536 748 761 824 commendare,
780 747 835 832 qui
855 751 888 812 et
907 751 1047 812 mentem
1068 745 1184 810 Roma-

20 889 24 926 :
80 883 202 928 norum
229 861 428 946 philosophia
455 860 689 938 informaverat,
715 863 747 924 et
775 859 878 943 poesis
907 881 1022 924 novam
1050 858 1184 922 formam

20 1001 24 1040 ι
83 973 317 1052 introduxerat,
348 972 413 1037 suis
442 994 478 1036 eo
507 971 707 1056 potissimum
734 975 874 1054 tempore
906 969 1185 1048 accommodatam,

20 1113 23 1152 ι
84 1086 223 1170 denique
249 1085 304 1169 qui
332 1084 476 1168 linguam
503 1088 667 1168 paternam
693 1081 796 1147 verbis
821 1081 987 1160 ditaverat,
1014 1079 1185 1172 faciliorem

20 1227 22 1264 r
88 1197 267 1262 reddiderat
292 1195 332 1262 ad
356 1194 503 1279 loquendi
528 1217 633 1273 usum,
658 1193 782 1278 legibus
807 1193 1024 1272 constitueret,
1050 1197 1083 1256 et
1109 1189 1184 1256 boni

20 1353 23 1364 »
87 1313 158 1374 erat
179 1308 257 1372 oivis
279 1313 312 1372 et
333 1306 420 1391 grati
441 1305 548 1370 animi.

20 1451 22 1488 ε
132 1419 245 1504 Neque
270 1419 305 1483 in
330 1419 380 1482 his
406 1417 532 1482 senibus
558 1415 836 1482 commemorandis
859 1415 947 1480 illam
969 1414 1105 1480 obticere
1129 1412 1184 1477 de-

20 1565 22 1602 ;
85 1533 199 1598 bemus
222 1530 347 1595 laudem
370 1529 454 1614 quod
477 1527 637 1592 interdum
663 1527 842 1592 eommunia
864 1529 933 1590 ausi
957 1526 1023 1590 sint
1046 1524 1184 1590 deserere

20 1693 21 1702 κ
87 1649 122 1710 et
151 1651 173 1683 “
188 1641 342 1706 celebrare
370 1639 542 1704 domestica
570 1639 687 1705 faeta.''
739 1638 780 1702 In
809 1660 870 1724 quo
899 1659 1013 1722 genere
1041 1635 1184 1722 princeps

20 1797 21 1810 κ
87 1759 157 1820 erat
178 1753 309 1818 Nevius
334 1757 435 1836 poeta,
458 1751 498 1816 ab
520 1751 624 1818 Ennio
647 1749 750 1814 nullas
772 1749 947 1834 aecepimus
972 1751 1185 1832 pretextatus,

90 1866 180 1950 eujus
201 1871 307 1929 autem
328 1862 452 1928 heroica
472 1861 612 1926 earmina
633 1860 741 1946 patriae
762 1861 897 1945 gloriam
918 1864 1046 1926 tantum
1070 1857 1186 1921 adau-

90 1981 184 2040 eruut
202 1975 333 2040 eundem
355 1973 450 2040 etiam
467 1973 520 2037 bio
539 1971 693 2038 eredimus
707 1971 850 2036 voluisse.
895 1971 1010 2050 Immo,
1025 1973 1063 2034 ut
1083 1967 1186 2034 Paulli

91 2091 126 2150 et
148 2085 240 2150 Bruti
265 2084 383 2163 laudes,
405 2082 519 2168 populo
540 2083 694 2160 Romano,
717 2081 847 2166 vigente
867 2082 936 2166 jem
960 2078 1127 2165 republica,
1151 2077 1186 2142 in
1255 2133 1264 2148 .

92 2217 185 2264 scena
205 2195 394 2274 enuntiatas,
413 2194 453 2260 ab
478 2193 634 2258 oblivione
659 2192 852 2269 redimerem,
876 2213 940 2256 non
963 2190 1056 2256 modo
1079 2188 1186 2254 omnis

90 2331 160 2394 quse
186 2307 399 2392 tragoedorum
425 2309 605 2390 superstant
631 2304 742 2381 frusta,
765 2327 876 2370 verum
900 2302 996 2366 etiam
1021 2300 1126 2366 Plauti
1153 2304 1186 2364 et

90 2419 219 2484 'Ferenti
237 2419 374 2502 perfecta
393 2440 497 2502 opera,
515 2415 651 2482 libenter
671 2415 846 2502 abjicerem.
890 2414 1047 2478 Umbram
1068 2414 1103 2476 in
1121 2434 1186 2476 ma-

91 2531 184 2596 nibus
206 2531 367 2607 habemus,
390 2529 475 2614 quod
496 2551 606 2594 verum
628 2528 751 2592 eratin
772 2534 924 2592 aeternum
945 2525 1117 2590 amisimus.

136 2641 180 2706 X.
201 2642 304 2706 Venio
326 2641 367 2705 ad
388 2641 561 2706 Pacuvium
586 2644 681 2723 atque
706 2639 850 2717 Aeeium,
877 2637 980 2702 nobile
1007 2659 1064 2721 par
1089 2635 1185 2720 serip-

95 2758 210 2832 torum,
224 2753 382 2838 tragicum
401 2757 580 2837 utrumque.
625 2751 732 2816 Multo
747 2751 856 2836 junior
869 2749 995 2828 Accius,
1013 2749 1060 2814 ita
1078 2753 1186 2814 tamen

95 2865 183 2931 utin
203 2867 271 2932 vite
290 2869 395 2931 essent
414 2889 488 2944 une,
503 2865 611 2944 etiem,
626 2864 710 2949 quod
728 2863 884 2928 memoriae
905 2862 1059 2927 traditum
1076 2866 1134 2940 est,
1149 2865 1187 2924 ut

93 2978 208 3046 Accius
228 2979 327 3042 Atrea
348 2999 437 3040 suam
458 2976 597 3042 fabulam
618 2975 755 3041 Paouvio
780 2975 848 3040 seni
869 2973 1074 3052 recitavisset,
1093 2979 1126 3038 et
1147 2972 1188 3036 ab

95 3115 131 3156 eo
152 3091 315 3156 laudatum
332 3097 365 3156 et
382 3090 551 3155 incitatum
568 3089 696 3176 tregieae
712 3111 745 3154 se
766 3089 902 3154 dedisset
919 3088 990 3152 arti.
1035 3087 1107 3152 Duo
1126 3086 1188 3151 sal·

93 3207 160 3266 tem
186 3223 248 3266 uno
274 3201 464 3287 conjungere
487 3199 607 3286 judicio
630 3199 754 3284 antiqui
783 3198 948 3284 scriptores
976 3197 1127 3274 solebant,
1153 3196 1189 3261 iu
1321 3225 1322 3282 }

96 3312 190 3378 Aoeio
211 3319 338 3378 tantum
359 3313 430 3398 plus
449 3313 564 3378 virium
586 3319 619 3378 et
640 3311 713 3376 bilis
734 3315 892 3390 notantes,
907 3310 940 3374 in
962 3309 1098 3374 Pacuvio
1117 3309 1188 3394 plus
1321 3299 1322 3314 ¹

98 3425 263 3490 doctrinm:

300 3569 316 3593 “
324 3565 463 3630 Anbigitur
474 3565 573 3630 quoties
583 3569 641 3614 uter
651 3564 703 3614 utri
713 3563 747 3612 sit
757 3563 832 3627 prior,
845 3563 929 3611 aufert

322 3647 446 3698 Pacuvius
457 3647 525 3696 docti
536 3647 628 3696 famam
639 3646 712 3708 senis,
725 3645 819 3694 Aesius
829 3645 898 3694 alti?

143 3769 212 3836 Hoe
227 3777 334 3836 tamen
348 3772 504 3857 judieium
523 3771 710 3836 auctoritate
728 3770 831 3854 magis
845 3774 989 3834 veterum
1005 3767 1188 3852 impositum

102 3902 192 3964 quam
215 3879 316 3946 denuo
340 3881 400 3947 sibi
421 3881 647 3968 excogitatum,
669 3887 763 3946 etex
785 3879 914 3945 Horatii
932 3877 1034 3944 verbis
1055 3881 1188 3953 constat,

104 3999 135 4046 el.
169 4015 186 4046 n
217 3991 432 4046 erinntilinni.
464 3994 516 4046 nui
555 3993 682 4046 eandam
720 3991 784 4046 fere
820 3991 938 4046 nrnferl.
974 3989 1187 4046 sententiam:
