2686 4126
450 0 496 56 ’θ
543 9 671 58 &emila
706 0 801 58 '0682
836 0 1084 60 'manorum

211 185 234 218 “
248 178 374 244 Virium
409 185 517 246 temen
552 183 649 248 Accio
688 183 759 268 plus
795 183 957 262 tribuitur,
994 181 1193 248 Pacuvium
1241 203 1266 246 v

211 290 382 356 doctiorem
410 294 465 378 qui
493 316 558 359 esse
590 294 675 360 docti
706 297 856 361 affectant
883 295 1029 361 volunt.”
1088 295 1149 359 At
1195 317 1266 359 nos

210 403 386 468 doctrinam
408 406 552 470 affectare
574 407 736 471 videamur
760 407 845 472 ultra
869 407 947 472 fines
971 405 1027 492 qui
1051 406 1213 472 Horatio
1246 429 1266 470 s

209 514 421 593 faciebantet
440 516 648 598 Quintiliano,
663 519 731 604 jam
753 519 935 584 obticcmus.

254 627 303 691 M.
320 627 486 708 Pacuvius,
501 630 599 694 Ennii
619 631 733 696 sororis
750 631 844 711 filius,
859 630 1022 696 Brundisii
1038 635 1144 694 natus
1161 629 1212 693 A.
1234 629 1266 694 U

212 753 287 824 535,
302 739 477 824 nonaginta
491 764 588 807 annos
602 743 676 808 vita
694 742 841 828 explevit.
887 742 1022 807 Constat
1041 741 1077 804 in
1092 739 1266 804 familiari

210 849 326 915 vixisse
352 851 389 914 Ο.
414 852 515 933 Laelii,
542 853 597 938 qui
622 854 758 918 amioum
784 875 877 918 suum
907 855 940 916 et
969 850 1134 935 hospitem
1170 873 1266 934 appe

210 961 280 1026 Nec
301 961 335 1026 in
355 964 442 1047 poesi
461 969 589 1030 tantum
608 965 715 1030 laudes
735 965 797 1030 sibi
817 963 999 1049 reportavit,
1020 985 1139 1028 verum
1164 963 1266 1027 etiam

209 1075 341 1160 pictura.
386 1077 561 1144 Duodecim
581 1078 708 1164 reliquit
727 1077 848 1144 fabulas
869 1100 1002 1163 quarum
1022 1076 1063 1140 ad
1084 1097 1151 1140 nos
1174 1075 1266 1140 titul

211 1187 391 1272 fragmenta
412 1189 556 1274 quaedam
578 1190 815 1270 descenderunt,
835 1213 933 1255 unam
954 1189 1051 1254 etiam
1072 1194 1266 1274 praetextato

213 1298 357 1363 Quarum
385 1301 569 1386 Antiopam,
598 1303 808 1382 Dulorestem,
836 1302 968 1368 fortasse
1003 1301 1102 1366 etiam
1137 1301 1266 1366 Peribos

210 1411 389 1496 Euripideis
410 1415 560 1499 exemplis
580 1415 828 1480 accommodatas
847 1414 1001 1493 videmus,
1024 1413 1216 1498 Sophocleis
1236 1413 1266 1478 N

210 1525 263 1584 tra
276 1527 309 1586 et
322 1522 486 1587 Teucrum.
529 1525 703 1609 Antiopam
716 1546 800 1603 vero,
816 1545 910 1608 quam
924 1545 1125 1588 verrucosam
1140 1521 1266 1608 appella

212 1633 348 1713 Persius,
377 1657 416 1699 ex
443 1635 594 1720 Euripide
627 1637 668 1701 ad
695 1636 828 1701 verbum
858 1657 1036 1720 expressam
1069 1657 1139 1700 esse
1175 1639 1266 1698 testa

213 1743 332 1809 Cicero.
381 1745 468 1810 Illud
492 1746 556 1811 fere
586 1746 647 1810 sibi
671 1746 809 1810 officium
836 1744 1034 1831 proposuisse
1057 1743 1188 1810 videtur
1217 1767 1266 1809 ser

212 1855 296 1940 quod
316 1863 424 1941 postea
446 1859 622 1938 Lucretius,
641 1864 679 1922 ut
699 1881 807 1924 veram
826 1858 861 1922 in
881 1859 1033 1923 honorem
1055 1857 1187 1922 duceret
1206 1857 1266 1940 phi

212 1965 365 2050 sophiam,
395 1973 428 2033 et
460 1975 582 2034 mentes
618 1969 783 2034 hominum
815 1991 835 2033 a
862 1969 945 2033 foeda
977 1967 1130 2052 religione
1162 1966 1266 2032 solver

212 2080 318 2146 Quare
341 2081 388 2146 nil
409 2082 525 2146 mirum
545 2083 671 2148 videtur
693 2083 720 2148 si
742 2083 777 2146 in
800 2082 983 2167 asperitates
1004 2080 1165 2145 interdum
1186 2078 1266 2144 incid

214 2193 377 2274 sermonis,
407 2195 447 2258 ad
478 2195 675 2280 propositum
703 2194 805 2280 magis
834 2193 987 2258 festinans
1015 2213 1111 2278 quam
1138 2175 1266 2257 ¹verboru

213 2307 332 2372 callidae
347 2331 466 2373 memor
479 2311 645 2395 juncturae.
690 2309 788 2394 Cujus
807 2307 852 2373 rei
870 2307 905 2371 in
922 2307 972 2371 his
987 2305 1127 2371 versibus
1147 2305 1266 2390 specim<

215 2421 377 2486 habemus.

367 2557 455 2607 “Sunt
466 2563 552 2608 autam
562 2559 606 2608 alii
616 2558 765 2623 philosophi,
777 2557 820 2622 qui
831 2559 918 2606 contra
928 2555 1055 2604 fortunam
1065 2557 1156 2618 negant

391 2641 453 2690 Esse
464 2641 541 2691 ullam
552 2642 596 2690 sad
607 2643 749 2690 temeritate
760 2656 800 2689 res
810 2640 864 2704 regi
875 2653 961 2687 omnes
972 2635 1126 2686 autumant.‘'

257 2765 352 2831 Quod
378 2787 453 2850 ergo
476 2765 511 2829 in
533 2766 593 2829 hoc
616 2769 709 2849 poeta
731 2763 833 2827 multa
857 2760 981 2826 invenit
1003 2759 1179 2846 castiganda
1200 2761 1266 2824 huc:

212 2879 284 2958 lius,
304 2900 397 2963 opera
417 2879 483 2962 ejus
505 2899 522 2942 e
541 2882 737 2962 posterorum
758 2874 904 2939 manibus
925 2873 1091 2958 paullatim
1110 2871 1266 2936 exciderunt

211 2992 349 3076 gratiam
367 2993 482 3056 habeat
500 2992 649 3058 doctrinae
666 3014 729 3055 suae
748 2989 980 3075 philosophica,
995 2985 1140 3065 versibus,
1158 2989 1191 3049 ut
1208 3009 1266 3064 sem

212 3127 278 3190 per,
293 3107 407 3190 exponi
421 3106 552 3191 tragicis
566 3111 622 3170 aut
636 3105 768 3170 heroicis
784 3103 915 3170 nolenti.

256 3217 318 3282 XI.
340 3217 475 3282 Lucium
494 3217 626 3282 Accium
646 3217 755 3281 nudtis
774 3215 919 3282 laudibus
939 3215 1153 3299 cooperuerunt
1170 3211 1266 3296 antiqu

213 3327 388 3411 scriptores.
432 3329 537 3394 Poetae
555 3351 683 3393 munere
703 3328 890 3394 defunctum
907 3349 972 3392 esse
991 3331 1029 3390 ut
1048 3324 1100 3410 qui
1117 3323 1182 3388 “Os
1197 3347 1266 3407 puer

213 3444 357 3503 tenerum
378 3440 567 3526 balbumque
589 3441 736 3526 figurat”
758 3446 917 3506 auctorem
938 3438 1086 3503 habemus
1102 3437 1266 3518 Ciceronem}

213 3548 268 3633 qui
282 3548 439 3634 scripsisse
453 3550 499 3614 ait
520 3571 651 3635 gravem
671 3555 704 3614 et
724 3549 925 3635 ingeniosum
943 3553 1079 3634 poetam,
1092 3569 1146 3612 non
1162 3552 1194 3610 ut
1210 3547 1266 3614 illos

213 3658 316 3744 regios
337 3683 461 3744 pueros,
477 3661 531 3746 qui
548 3661 617 3746 jam
638 3683 794 3745 nusquam
816 3665 931 3738 essent,
954 3659 1008 3724 sed
1031 3663 1069 3723 ut
1088 3657 1204 3722 homines
1220 3657 1266 3740 qui

212 3775 284 3836 tum
309 3772 453 3840 viverent
478 3777 511 3839 et
540 3795 649 3839 eorum
677 3772 791 3838 liberos
820 3772 861 3836 ad
888 3771 1027 3837 laborem
1051 3775 1083 3834 et
1107 3770 1139 3834 ad
1162 3767 1266 3832 laudem

214 3882 399 3950 excitarent.
454 3886 553 3950 Atrea
581 3885 678 3949 etiam
706 3883 742 3947 in
770 3881 831 3948 alio
866 3881 934 3948 loco
962 3880 1098 3946 fabulam
1121 3900 1266 3944 memorans

214 3999 457 4040 ‘Canni-nudum„
480 3999 615 4040 nnunllnt'
641 4002 764 4040 matam
803 4005 824 4039 A(
835 3995 1049 4040 «rolanmnntnm
1086 3993 1266 4040 imminani'nm*
