2686 4126
312 9 373 88 De
389 11 546 88 Sceoico
563 11 676 88 Poesi
692 13 954 103 Ronmoorum
1044 3 1248 87 ’ᾗῇ-π
1304 19 1309 36 .

54 207 199 275 factm
215 213 284 290 est,
295 209 335 275 ab
349 209 418 296 ipso
432 211 572 297 ingenio,
581 215 614 278 et
628 211 744 278 mentis
758 211 862 278 nescio
877 233 940 297 qua
950 209 1183 280 exercitatione.

55 320 234 386 Placebat
260 321 325 386 illis
346 327 487 408 spectata
507 322 627 402 virtus3
659 346 759 410 neque
779 321 1012 390 vicissitudines
1024 319 1183 408 ‘poterant

55 433 214 498 tolerare
243 433 282 498 in
305 434 415 500 Graeca
437 435 591 520 tragedia
616 435 784 514 exhibitas,
809 435 845 500 in
867 457 932 520 qun
954 456 1028 500 sane
1053 433 1183 500 virtutis

58 567 169 610 causa
185 549 225 611 et
242 545 322 610 muli
335 549 403 610 tam
418 546 552 612 delicata
573 545 793 612 examinantur
806 545 939 626 trutina,
952 549 991 610 ut
1010 545 1103 610 modo
1122 544 1184 610 ulis

59 656 195 722 victrix
211 655 374 736 videatur,
389 658 484 723 modo
498 658 570 738 alis,
580 659 662 744 juris
676 659 874 744 aliquantum
887 657 923 722 in
941 663 1076 743 utraque
1093 661 1184 742 parte

61 773 236 855 appareat
246 794 258 848 3
291 774 330 833 nt
357 769 464 834 neutri
487 793 521 836 se
546 771 675 836 omnino
700 770 768 835 siue
792 769 1002 835 reservatione
1027 773 1185 854 spectator

62 881 179 967 possit
196 879 398 946 concredere.
442 881 487 946 Et
501 881 643 967 quodam
657 887 734 947 sunt
747 881 871 962 fabula,
886 903 1020 965 quarum
1038 879 1184 964 princeps

63 993 103 1056 in
136 997 295 1058 mentem
322 992 412 1057 venit
444 993 649 1058 Prometheus
678 993 815 1058 Vinctus
844 992 999 1078 AEschyli,
1029 1013 1116 1076 quas,
1145 997 1184 1054 ut

66 1103 296 1188 simpliciores
313 1107 347 1169 et
368 1103 470 1190 magis
492 1127 512 1168 a
531 1105 718 1184 subtilitate,
733 1109 880 1183 remotas,
896 1104 1039 1169 Romano
1054 1101 1184 1186 ingenio

67 1221 312 1280 consentaneas
335 1237 402 1280 esse
425 1215 569 1280 dixerim.
626 1216 750 1302 Quippe
779 1215 814 1280 in
837 1214 1023 1280 Prometheo
1047 1235 1185 1299 magnus

69 1325 137 1405 vir,
153 1331 219 1390 aut
234 1325 343 1411 potius
356 1327 459 1406 beros,
473 1349 538 1390 non
552 1331 590 1390 ut
607 1327 642 1390 in
657 1326 820 1412 Sophoclis
836 1325 992 1411 OEdipode
1012 1347 1068 1411 per
1082 1325 1185 1390 varias

70 1437 223 1502 fortunae
240 1436 471 1503 vicissitudines
490 1437 663 1502 infortunia
676 1437 767 1503 bonis
788 1442 903 1516 mutat,
916 1437 1000 1503 bons
1018 1459 1125 1501 rursus
1144 1457 1185 1500 ex

73 1547 274 1614 infortuniis
296 1548 445 1628 elaborat,
459 1548 515 1614 sed
535 1548 594 1614 sub
614 1549 733 1635 injusto
753 1547 883 1614 numine
904 1571 1080 1633 oppressus,
1094 1546 1184 1612 exbi-

91 1665 189 1740 vctur,
217 1663 254 1725 et
278 1681 441 1740 erumnas,
464 1665 694 1746 contemptum,
717 1660 856 1726 dolorem
884 1659 1087 1744 magnanime
1116 1657 1184 1724 suf·

76 1770 201 1838 ferens.
252 1772 395 1838 Eandem
420 1795 487 1838 rem
510 1772 550 1838 dc
575 1777 832 1858 pretextatamm
856 1775 926 1836 toto
949 1792 1063 1856 genere
1088 1791 1185 1834 ansus
1228 1777 1233 1786 '

77 1902 187 1948 essem
214 1883 375 1968 augurari,
398 1883 433 1950 in
458 1883 571 1969 quibus
597 1884 700 1950 Paulli
728 1887 785 1950 aut
813 1882 904 1948 Decii
927 1881 1081 1948 virtutem
1109 1885 1185 1947 ante

78 1995 193 2061 oculos
209 1994 308 2060 habet
322 2001 489 2080 spectator,
501 1995 556 2082 qui
566 2001 604 2062 ut
617 1995 753 2082 patriam
767 1993 975 2073 defenderint,
986 2015 1007 2058 a
1016 1993 1187 2078 magnifica

80 2111 190 2171 morte
227 2128 294 2170 non
329 2106 560 2187 abhorruerint,
588 2113 621 2172 et
654 2106 797 2191 exempla
830 2104 1019 2171 tradiderint
1052 2105 1186 2190 posteris

80 2216 210 2282 nemini
241 2239 305 2282 non
333 2223 419 2282 nota
479 2219 558 2284 Qua
585 2241 678 2304 quam
709 2217 848 2283 moribus
874 2216 1025 2282 Romanis
1054 2238 1185 2281 consen·

82 2331 191 2395 tancre
219 2327 355 2394 debeunt
377 2328 484 2409 fuisse,
507 2353 593 2410 usus,
616 2329 738 2416 opinor,
764 2327 943 2414 sepulcralis
966 2328 1043 2392 satis
1066 2326 1185 2412 arguit.

85 2438 197 2505 Quam
211 2439 334 2506 scenica
347 2440 412 2507 illic
426 2441 542 2521 omnia,
556 2441 675 2527 effigies
689 2441 854 2527 majorum,
868 2441 1016 2506 laureata
1029 2443 1062 2504 et
1076 2437 1184 2502 eedem

84 2549 231 2636 insignia
259 2558 405 2637 gerentes
434 2575 503 2638 qun
531 2553 567 2617 in
593 2552 670 2629 vita,
696 2573 811 2638 pompa
839 2551 1014 2630 consulum,
1036 2549 1187 2628 edilium,

86 2666 261 2744 praetorum
281 2663 321 2728 ad
346 2664 507 2728 tumulum
527 2663 691 2749 producta,
713 2663 760 2728 ita
780 2669 818 2728 ut
839 2663 900 2748 ipsi
921 2660 1055 2728 fabulosi
1077 2681 1186 2726 manes

86 2777 253 2838 mortuum
275 2773 337 2840 sibi
359 2775 493 2861 recipere
511 2774 710 2840 viderentur!
745 2774 850 2839 Immo
869 2773 931 2838 ulia
949 2772 1115 2859 qnaerende
1134 2777 1185 2838 est

88 2905 184 2950 causa
207 2885 322 2950 curin
351 2886 532 2972 hujusmodi
560 2886 687 2953 ustione
717 2907 781 2951 non
808 2885 912 2970 magis
940 2883 1106 2970 profecerit
1134 2905 1185 2950 res

89 2993 274 3062 dmmatica.

133 3106 228 3173 XVI.
255 3107 361 3174 Quam
379 3107 414 3172 in
431 3109 492 3176 boc
509 3132 618 3174 snmus
635 3109 779 3196 posituri,
794 3107 878 3193 quod
897 3107 1047 3174 Romnum
1066 3105 1182 3172 littera

90 3238 157 3282 non
177 3219 316 3286 universi
338 3223 429 3285 erant
448 3220 568 3306 populi,
589 3221 644 3286 sed
664 3241 759 3306 penes
776 3241 891 3305 pancos
912 3219 1057 3285 homines
1076 3241 1185 3285 mane·

92 3328 181 3409 bant,
201 3353 331 3416 parvam
352 3331 471 3398 seilicet
489 3333 655 3399 doctorum
677 3339 772 3419 atque
794 3331 1024 3417 elegantiorum
1045 3332 1185 3398 virorum

95 3441 285 3523 sociantem,
306 3444 362 3530 qui
382 3448 416 3510 et
436 3443 498 3530 ipsi
518 3444 553 3509 in
573 3444 624 3510 his
649 3443 762 3510 studiis
787 3443 981 3523 eminebant,
1003 3447 1037 3508 ct
1057 3443 1186 3508 omnino

95 3549 226 3618 fovenda
240 3561 273 3620 et
293 3553 459 3640 dirigenda
475 3560 688 3642 susceperunt.
734 3555 780 3620 Et
798 3555 958 3640 popularis
977 3555 1104 3641 quidem
1121 3555 1181 3620 fuir

96 3660 195 3744 prims
207 3665 329 3751 origine
343 3687 392 3732 rcs
407 3668 538 3747 scenice,
552 3689 627 3732 vers
639 3689 752 3754 nempe
765 3689 816 3732 res
828 3666 959 3733 ludicro.
1004 3665 1084 3734 Qus
1097 3667 1172 3752 prin·

97 3769 174 3856 cipis
183 3776 250 3861 ejus
263 3775 416 3842 litteraria
430 3777 558 3844 omnino
569 3799 633 3844 non
644 3783 735 3844 erant
743 3802 753 3858 3
773 3776 901 3844 mimica
914 3782 1042 3844 tantun
1062 3777 1172 3844 ration«

98 3888 226 3972 populus
246 3891 314 3956 sine
335 3891 452 3972 fabula,
477 3892 545 3958 sine
566 3891 706 3958 diverbio
727 3890 952 3958 delectabatur.
995 3891 1078 3958 'l'um
1099 3915 1180 3970 vero,
