2686 4126
224 155 342 235 habita,
357 156 506 222 continuo
528 158 635 223 ordine
655 181 889 243 componamus,
904 179 1000 223 unam
1021 155 1239 242 Sophoclea]

223 267 371 350 goedium,
393 269 550 354 OEdipoda
571 270 654 356 apud
674 271 840 350 Colonum,
858 271 922 334 fere
943 291 1076 333 numero
1105 289 1239 351 exaequ

223 377 325 464 Atqui
338 380 476 466 quinque
490 405 552 466 prae
570 405 603 447 se
621 383 728 446 ferunt
743 382 918 467 scriptores,
934 386 966 445 et
987 403 1026 445 ex
1043 402 1148 465 paene
1173 379 1239 442 inn

221 489 447 572 tragoediarum
470 491 548 556 serie
574 498 649 556 sunt
675 490 860 576 colligenda.
904 491 995 556 Inter
1019 489 1174 555 comicos
1208 488 1239 550 dr

221 603 349 687 quidem
370 603 497 688 integra
519 627 612 689 opera
634 605 675 669 ad
698 627 755 670 nos
779 609 999 689 pervenerunt,
1023 603 1064 667 de
1095 600 1239 666 caeteris

222 713 286 777 fere
301 713 453 778 affirmare
468 713 570 778 ausim
585 707 669 800 quod
684 715 722 779 de
737 713 897 799 tragoedis.

265 824 313 890 II.
335 825 449 908 Neque
477 847 551 890 vero
581 827 665 910 quod
692 830 760 890 tam
789 825 892 890 multa
920 821 1124 889 amiserimus
1158 823 1237 886 null

221 933 341 1000 stitisse
368 935 494 1000 videtur
521 935 557 1000 in
584 935 660 1020 ipsis
690 936 893 1021 scriptoribus
923 935 1023 1019 eulpa.
1069 935 1158 998 Non
1186 931 1239 998 eni

219 1044 335 1110 litteris
364 1045 446 1110 siout
473 1045 508 1110 in
535 1046 733 1131 philosophia
761 1047 841 1112 illud
869 1069 979 1111 verum
1008 1049 1058 1110 est
1090 1053 1112 1084 “
1130 1049 1239 1128 tempi

221 1155 355 1222 fluvium
379 1157 497 1222 leviora
521 1158 562 1222 ad
586 1181 643 1223 nos
669 1160 833 1238 devehere,
856 1158 1035 1245 gravidiora
1057 1162 1093 1222 et
1117 1158 1227 1222 solida

221 1267 329 1354 gere.”
372 1268 481 1342 Immo¹
498 1291 687 1354 quamquam
706 1292 771 1334 non
790 1275 858 1334 tam
878 1269 1045 1333 inhumani
1066 1291 1183 1333 sumus
1203 1272 1239 1332 ut

221 1379 425 1446 concedamus
440 1381 542 1446 multa
556 1383 679 1466 perdita
699 1406 764 1448 esse
784 1406 877 1468 opera
896 1406 965 1468 qua
979 1405 1044 1447 non
1059 1379 1180 1446 ouriosi
1196 1385 1239 1444 tar

221 1493 254 1555 et
282 1491 460 1556 litterarum
489 1493 622 1558 studiosi
650 1516 760 1558 verum
788 1493 969 1558 universum
1001 1515 1106 1578 genus
1137 1497 1239 1556 morta

221 1601 314 1666 debet
337 1603 505 1688 deplorare,
527 1603 606 1668 illud
626 1609 734 1669 tamen
756 1603 947 1689 probabilius
972 1603 1110 1682 videtur,
1132 1625 1170 1666 ea
1194 1625 1239 1686 qu

221 1713 367 1778 manibus
391 1715 543 1796 habemus
565 1715 666 1780 vitam
689 1715 750 1780 sibi
774 1721 807 1780 et
834 1714 1080 1800 perpetuitatem
1109 1737 1168 1779 sua
1197 1714 1239 1778 vir

220 1827 398 1907 emeruisse,
417 1833 537 1907 oaetera,
559 1833 615 1892 aut
634 1833 672 1892 ut
690 1828 772 1893 levia
794 1833 827 1892 et
850 1849 954 1892 rerum
974 1827 1091 1906 inania,
1110 1831 1167 1890 aut
1187 1849 1239 1910 pro

220 1938 353 2003 nimiam
389 1939 600 2018 severitatem,
625 1943 663 2003 ’11
698 1939 802 2004 nescio
839 1961 934 2024 quam
970 1937 1181 2022 asperitatem,
1211 1959 1239 2002 a<

220 2055 417 2135 posterorum
446 2050 575 2114 naribus
603 2050 708 2114 minus
736 2050 832 2114 fuisse
859 2049 1100 2114 accommodata.
1155 2047 1239 2112 Quod

221 2160 382 2244 sculptura
411 2160 538 2245 quidem
566 2160 601 2224 in
630 2161 822 2225 eontrarium
856 2159 995 2224 evenisse
1023 2181 1087 2224 non
1114 2159 1239 2244 ignoran

220 2293 318 2356 quum
349 2269 468 2334 Phidiae
502 2275 536 2334 et
572 2269 738 2334 Praxitelis
766 2269 822 2335 vix
850 2291 950 2333 unum
979 2274 1013 2333 et
1046 2269 1175 2334 alterum
1202 2291 1239 2334 ex

220 2405 309 2468 opus,
334 2383 560 2468 ignobiliorum
588 2382 745 2447 artificum
773 2382 837 2447 fere
866 2381 1041 2446 innumera.
1084 2381 1190 2467 Neque
1216 2403 1239 2446 11

220 2519 313 2562 eausa
334 2497 369 2561 in
395 2496 490 2562 dubio
516 2501 574 2561 est.
620 2497 734 2560 Statua
759 2494 901 2560 enimin
924 2517 987 2560 uno
1013 2499 1135 2560 tantum
1156 2496 1239 2560 loeo¹

220 2614 254 2676 et
278 2609 313 2674 in
338 2609 431 2673 unius
453 2607 591 2674 hominis
616 2609 700 2673 cedit
724 2609 961 2693 patrimonium,
987 2609 1043 2693 qui
1071 2613 1123 2672 aut
1149 2607 1239 2672 1111111

220 2725 326 2806 potest
353 2743 419 2786 esse
446 2719 576 2805 ingenio
606 2720 646 2784 ad
674 2717 815 2786 liberales
850 2726 933 2785 artes
961 2719 1196 2804 patrocinandos,
1225 2741 1239 2784 a

221 2833 364 2919 quamvis
382 2855 458 2918 erga
478 2855 529 2897 eas
550 2833 730 2911 benevolus
749 2833 865 2917 iniqua
887 2838 995 2897 tamen
1016 2832 1139 2897 fortuna
1158 2831 1239 2896 eladii

221 2945 393 3030 oppositus,
412 2943 543 3008 barbaro
565 2943 678 3008 vietori
699 2965 732 3008 se
753 2965 826 3008 oum
846 2945 991 3009 omnibus
1016 2944 1078 3009 suis
1097 2942 1177 3008 bonis
1197 2943 1239 3008 ob]

222 3057 339 3123 endum
353 3054 527 3120 tradiderit.
573 3053 773 3140 Quamquam
787 3055 882 3120 etiam
896 3056 948 3120 hie
963 3079 1000 3122 ea
1013 3079 1079 3141 qua
1090 3054 1239 3140 insignissir

221 3174 298 3234 sunt
321 3191 413 3254 opera
442 3188 507 3232 non
533 3167 572 3231 ab
598 3167 696 3252 ipsius
725 3168 870 3254 magistri
894 3171 1039 3235 manibus
1060 3168 1108 3233 sed
1131 3192 1179 3254 per
1196 3169 1239 3253 plu

221 3282 404 3367 plerumque
427 3279 614 3364 exemplaria
638 3279 677 3344 ab
701 3281 820 3344 aemulis
840 3281 906 3366 ejus
926 3303 1069 3365 expressa
1085 3281 1119 3344 ad
1134 3303 1182 3346 nos
1198 3281 1239 3346 vid

222 3416 293 3458 mus
307 3391 510 3457 descendisse.
554 3391 722 3458 Librorum
737 3399 843 3458 autem
859 3416 953 3478 quam
970 3393 1063 3476 longe
1076 3393 1127 3456 alia
1139 3398 1179 3457 est
1190 3391 1239 3456 rati

223 3504 318 3570 Liber
337 3504 422 3570 enim
444 3504 545 3570 bonus
570 3527 635 3570 non
660 3505 753 3570 unius
777 3511 825 3570 est
848 3505 984 3570 hominis
1008 3505 1061 3570 sed
1079 3505 1160 3570 totius
1176 3511 1239 3590 gent

221 3617 384 3696 humanae3
407 3639 471 3682 non
484 3621 533 3682 ter
547 3621 603 3681 aut
617 3623 737 3702 quater,
757 3640 828 3682 oum
848 3617 973 3682 infinito
993 3618 1115 3703 quodam
1132 3619 1216 3684 labore
1233 3641 1239 3684 1

223 3753 241 3794 a
255 3730 468 3796 sollertissimo
479 3734 607 3794 tantum
621 3729 748 3808 artifice,
759 3734 864 3813 potest
874 3729 1080 3814 representari
1086 3755 1094 3807 ;
1108 3753 1158 3794 non
1170 3732 1198 3794 in
1207 3751 1239 3796 un

232 3846 289 3909 ooo
308 3843 473 3928 impositus
496 3840 590 3906 deleri
609 3845 795 3925 potestant
816 3841 953 3920 interire,
970 3847 1026 3906 aut
1044 3841 1128 3904 celari.
1164 3841 1239 3906 Imm<

232 3957 263 4022 rit
288 3955 381 4022 modo
407 3955 490 4019 fama
515 3954 549 4017 in
574 3952 722 4038 scriptore
747 3952 858 4016 idonea
882 3957 914 4016 et
938 3953 1049 4032 virtus,
1070 3975 1123 4036 qua
1142 3952 1239 4018 studiari
