2686 4126
219 173 354 258 quodam
380 174 512 254 nitatur,
535 180 569 239 et
593 197 659 239 non
681 174 844 239 materiem
866 175 906 239 ab
928 175 967 238 iis
991 175 1045 239 sed
1066 175 1174 259 artis
1196 175 1260 260 'leg

218 285 319 370 operis
337 286 471 350 colorem
490 290 662 348 mutuetur.
708 285 817 349 Plures
837 290 945 349 tamen
967 285 1070 370 magis
1087 286 1260 350 servilite

219 396 279 461 sibi
296 403 535 482 proposuerunt,
553 402 591 460 ut
611 420 675 460 non
697 402 806 480 poetae
829 397 975 481 antiquos
997 420 1116 462 verum
1146 398 1232 482 ipsa

218 507 278 572 visi
293 507 358 572 sint
372 509 500 573 imitari.
544 509 636 572 Inter
653 531 730 593 quos
750 530 858 573 vereor
878 531 918 572 ne
934 508 1071 572 Romani
1089 513 1213 592 poetae
1232 532 1260 572 st

218 619 284 683 sint
304 619 542 699 annumerandi,
557 624 668 704 utpote
689 619 751 702 qui,
768 623 800 682 et
819 619 853 682 in
876 619 1027 683 comoedia
1046 624 1081 684 et
1105 620 1147 684 in
1165 623 1260 703 traga

218 735 274 794 aut
290 730 469 795 Graeoorum
489 731 610 794 fabulas
633 731 743 794 Latini
762 731 925 811 verterint,
944 735 1001 794 aut
1023 731 1071 794 ita
1098 730 1243 794 imitati

217 846 255 905 ut
272 864 383 926 parum
402 841 563 906 intellecta
584 842 662 906 artis
681 842 752 926 lege
775 841 816 905 ad
839 863 946 906 eorum
968 843 1138 926 exemplar
1163 865 1260 926 prop<

217 953 394 1017 videantur.
438 954 552 1038 Neque
575 953 660 1017 enim
682 953 827 1017 Terentio
853 959 886 1017 et
906 954 1019 1018 Plauto
1043 977 1145 1018 suum
1178 954 1260 1018 hon<

218 1065 428 1130 detrectamus
439 1091 449 1144 3
482 1088 615 1150 quorum
640 1065 692 1129 hio
719 1065 765 1128 ita
789 1065 913 1128 Graecas
936 1064 1110 1130 adhibebat
1139 1065 1260 1128 fabula

218 1175 372 1241 Latinum
401 1175 531 1240 inferret
560 1177 704 1253 colorem,
734 1177 787 1241 ille
816 1177 948 1242 colorem
978 1181 1061 1241 certe
1092 1176 1256 1240 Graccum

218 1287 377 1366 movebat,
407 1292 440 1352 et
469 1288 697 1352 communiores
727 1287 861 1352 faciebat
889 1287 989 1352 totius
1018 1287 1148 1372 generis
1181 1287 1260 1350 hum

219 1399 363 1484 Uterque
392 1403 500 1463 tamen
530 1399 671 1463 Graecam
700 1399 873 1477 materiem,
904 1399 1049 1463 Graecum
1078 1404 1260 1484 argument

221 1509 331 1574 Graeca
352 1511 448 1574 verba
472 1510 519 1574 ita
544 1532 577 1574 se
600 1509 766 1594 profitetur
795 1509 895 1588 edere,
918 1517 956 1574 ut
985 1511 1069 1595 quod
1093 1516 1154 1574 aut
1184 1510 1240 1575 hic

218 1621 272 1686 ille
294 1625 387 1706 poeta
410 1628 571 1686 censeatur
600 1644 666 1686 esse
695 1627 729 1686 et
756 1622 904 1686 inventor
932 1623 1020 1701 artis,
1048 1622 1083 1686 id
1113 1645 1191 1687 casu
1218 1645 1260 1688 ma

219 1737 257 1797 ut
282 1732 329 1796 ita
351 1733 453 1797 dicam
477 1734 598 1798 factum
626 1755 692 1798 esse
717 1733 861 1798 videatur
884 1757 979 1818 quam
1007 1735 1150 1818 ipsorum
1177 1757 1260 1798 const

222 1843 434 1909 Quamobrem
455 1845 482 1909 si
501 1845 603 1924 Plato,
613 1845 712 1930 judex
731 1845 963 1929 integerrimus,
983 1850 1093 1930 poetas
1115 1869 1135 1910 a
1156 1847 1260 1930 repub]

221 1977 278 2019 sua
303 1957 494 2042 segregavit,
518 1963 555 2020 ut
578 1958 672 2022 tertio
696 1957 797 2042 gradu
821 1980 840 2020 a
862 1957 995 2022 veritate
1018 1963 1166 2037 remotos,
1188 1957 1260 2042 quid

222 2067 261 2132 de
285 2067 335 2131 his
360 2067 541 2132 hominibus
559 2069 713 2154 judicium
739 2074 820 2134 esset
841 2069 1030 2149 faciendum,
1052 2069 1107 2154 qui
1133 2092 1196 2134 non
1218 2091 1260 2134 m(

222 2178 262 2243 ab
282 2202 318 2244 ea
339 2185 450 2265 quarto
471 2180 574 2245 hercle
593 2181 695 2266 gradu
718 2181 848 2262 distant,
871 2181 925 2246 sed
947 2181 1034 2245 nulla
1053 2204 1117 2245 non
1137 2181 1205 2260 sibi,
1226 2203 1260 2266 qu

221 2289 281 2355 hoc
294 2291 399 2376 ipsum
414 2292 617 2377 contigerint,
631 2293 693 2377 ipsi
708 2292 945 2357 destinaverunt
959 2292 1109 2377 praemia?

263 2402 306 2466 V.
328 2403 430 2487 Atqui
452 2425 588 2488 magnus
611 2408 713 2468 estet
735 2425 830 2488 prope
847 2403 993 2468 infinitus
1016 2427 1119 2468 eorum
1134 2427 1224 2483 error,
1239 2425 1260 2489 ql

221 2514 256 2578 in
276 2515 400 2580 Latinis
424 2515 540 2580 litteris
562 2515 690 2593 versati,
710 2537 808 2600 quum
831 2537 931 2600 neque
952 2515 1142 2600 tragicorum
1160 2515 1260 2600 reliqui

221 2649 307 2711 aequo
323 2627 428 2691 animo
442 2626 635 2711 investigare
652 2627 786 2711 possint,
801 2627 982 2692 Terentium
1002 2633 1035 2692 et
1049 2628 1191 2692 Plautum
1206 2629 1260 2692 sals

220 2743 336 2823 putent
357 2743 465 2823 poetas
483 2743 516 2802 et
535 2738 724 2824 ingeniosos,
740 2760 804 2802 non
824 2744 932 2804 tamen
950 2739 1137 2804 inventionis
1151 2740 1221 2804 satis
1235 2763 1260 2824 pi

222 2873 254 2916 se
274 2851 420 2928 ferentes,
440 2849 555 2914 idcirco
577 2850 612 2913 in
635 2850 694 2914 hac
716 2872 749 2914 re
771 2850 899 2914 omnino
921 2851 1036 2915 morari
1056 2851 1161 2929 nolint,
1180 2856 1209 2915 et
1229 2853 1260 2916 sii

222 2961 427 3026 delectatione
445 2961 512 3026 fieri
532 2967 680 3026 censeant
699 2961 901 3046 quaestionem
917 2967 973 3026 aut
987 2963 1099 3028 fructu.
1140 2963 1196 3026 Res
1213 2964 1260 3028 eni

221 3073 374 3139 litteraria
393 3072 515 3136 duobus
538 3073 603 3136 fere
627 3072 727 3136 modis
750 3095 807 3137 nos
831 3073 976 3153 delectat,
997 3079 1053 3138 aut
1073 3073 1196 3158 ipsorum
1217 3083 1260 3139 art

221 3185 316 3250 ficum
339 3183 468 3268 ingenio
494 3187 526 3248 et
548 3184 671 3268 lepore:
704 3190 761 3249 aut
786 3185 873 3265 artis,
899 3191 936 3249 ut
962 3185 1007 3250 ita
1033 3186 1137 3264 dicam,
1158 3186 1260 3252 histori

222 3296 409 3381 scriptorum
435 3295 523 3373 serie,
549 3295 644 3359 variis
666 3296 821 3360 scribendi
847 3297 959 3376 modis,
981 3298 1138 3382 multiplici
1161 3299 1260 3364 intere

222 3406 458 3496 consociatione.
504 3407 616 3491 Itaque
642 3407 723 3471 sicut
748 3430 800 3472 eos
823 3409 877 3493 qui
900 3409 933 3471 in
960 3410 1092 3473 naturali
1111 3410 1260 3494 philosophi

222 3523 387 3582 versantur
406 3517 572 3583 immodice
596 3517 739 3583 videmus
760 3520 906 3603 gaudere,
925 3521 1056 3603 parvula
1077 3521 1163 3586 nescio
1180 3545 1260 3606 quan

222 3635 345 3714 reperta
363 3652 431 3714 quac
454 3630 544 3694 nobis
561 3630 633 3694 vilis
653 3631 781 3696 omnino
803 3631 928 3696 videtur
950 3636 982 3696 et
1004 3632 1070 3696 sine
1087 3633 1178 3717 pretio,
1196 3639 1260 3698 terra

221 3741 385 3825 particula,
410 3740 538 3820 calculo,
562 3763 640 3821 osse,
667 3742 721 3806 illa
744 3765 812 3826 quae
841 3742 931 3807 nobis
961 3745 1128 3808 venustiora
1147 3745 1260 3808 videntur

222 3855 369 3920 immotos
384 3853 560 3938 praeterire;
584 3853 630 3918 ita
647 3877 714 3932 noa,
730 3853 960 3937 philosophiam
980 3854 1061 3919 hano
1080 3879 1152 3920 ausos
1164 3857 1260 3938 ingredi

221 3967 416 4024 litterariam.
432 3967 525 4024 rebus
540 3989 657 4024 morem
674 3989 780 4024 cerere
801 3971 934 4024 oportet.
950 3987 1013 4024 non
1035 3967 1123 4024 manis
1137 3969 1202 4024 ouod
1219 3990 1260 4024 ner
