2686 4126
72 163 284 244 posterorum
298 155 459 234 eooendet,
474 160 530 220 aut
545 159 674 220 eentum
688 154 827 220 eduntur
840 153 1028 238 exemplaris
1046 156 1112 239 ejus
1125 159 1182 219 eut

76 275 220 336 eentum
245 267 354 347 millis,
379 267 414 332 in
437 266 591 352 angulum
619 287 874 351 unumquemque
899 265 982 330 orbis
1005 269 1182 350 penetrent,

77 381 125 446 ab
151 380 281 446 urbium
302 378 394 444 ruine
418 383 548 464 excepte
572 383 649 443 sunt
670 383 703 442 et
725 377 913 463 principum.
957 376 1071 460 Neque
1098 374 1183 440 enim

79 491 145 556 ulli
170 491 283 556 seculo
306 489 353 556 ite
374 494 450 555 sunt
469 489 613 554 obduotae
638 487 882 552 inhumanitatis
902 487 1038 554 tenebre
1059 493 1183 552 utnon

80 625 190 668 unum
219 607 253 668 et
280 601 416 666 alterum
443 600 639 665 inveniemus
663 599 717 685 qui
741 599 946 683 tranquillam
971 599 1057 664 neoti
1082 599 1184 664 vitam

81 718 119 780 et
142 735 287 780 securem
305 712 339 778 in
355 713 415 778 hoe
435 711 663 777 transcribendi
684 733 774 796 opere
794 715 879 776 totos
898 733 997 776 annos
1016 732 1182 795 consump-

82 826 208 894 serint:

579 935 761 999 “famulosque
772 935 804 986 ed
815 933 911 984 lumine
921 933 997 998 longo

360 1018 486 1067 Exercent
496 1033 573 1082 penso
582 1017 603 1066 :''

86 1198 204 1261 nempe
226 1181 264 1241 ut
286 1176 387 1255 nobis,
407 1180 515 1240 exorto
538 1174 706 1259 aliqnando
729 1174 804 1251 sole,
826 1171 972 1257 lampade
993 1171 1183 1237 doctrines

85 1288 249 1352 veterrlrus
276 1309 449 1366 aneensem,
479 1287 650 1371 integram,
679 1308 735 1370 pro
764 1285 829 1350 suis
858 1284 989 1362 viribus,
1018 1289 1052 1348 et
1079 1283 1182 1348 ineor·

86 1404 218 1483 raptem
238 1400 411 1465 traderent.

61 1523 63 1530 '
133 1511 202 1576 111.
226 1511 332 1577 Quare
359 1514 393 1576 et
411 1508 580 1596 jucundior
603 1508 669 1572 haee
698 1511 747 1572 est
775 1507 942 1586 sententis,
966 1511 999 1571 et
1027 1511 1065 1570 ut
1093 1527 1183 1590 spero

87 1622 300 1701 verisimilior,
323 1628 361 1688 nt
384 1621 545 1687 credemus
574 1619 711 1704 optimos
736 1639 788 1684 eos
811 1640 877 1684 esse
900 1619 955 1704 qni
981 1618 1022 1682 ed
1044 1641 1102 1684 nos
1128 1617 1182 1682 de-

86 1733 269 1798 scenderint
281 1733 404 1818 antiqui
424 1731 535 1798 mundi
555 1731 662 1810 libros,
677 1735 803 1794 eeteros
823 1729 910 1794 omni
924 1729 1051 1814 quidem
1065 1730 1183 1794 honore

90 1843 254 1910 donandos
281 1866 358 1923 esse,
386 1844 441 1910 sed
476 1864 541 1907 non
569 1841 727 1908 deflendos
755 1840 1029 1906 inoonsolnbiliter.
1090 1841 1184 1908 Quod

89 1975 166 2039 ergo
188 1959 316 2020 tentum
340 1955 528 2039 scriptorum
555 1975 677 2037 eorpus,
706 1953 864 2038 tregoedos
893 1953 963 2018 dieo
989 1953 1122 2018 Ietinos
1150 1959 1184 2018 et

91 2065 257 2146 oomoedos,
274 2071 346 2130 tum
361 2065 444 2130 inter
461 2087 533 2130 suos
551 2064 771 2142 eminentium,
786 2070 858 2129 tum
878 2087 957 2150 quos
978 2064 1080 2130 eritioi
1099 2087 1182 2132 nnus

93 2179 128 2240 et
144 2176 225 2242 ulter
245 2175 461 2242 commendem
483 2175 548 2241 suis
568 2175 674 2242 eoneti
695 2180 782 2254 sunt,
802 2179 835 2240 et
857 2175 892 2240 in
913 2178 1064 2242 honorem
1085 2181 1183 2241 retre-

93 2288 177 2368 here,
202 2288 295 2354 modo
324 2309 389 2354 non
412 2287 540 2353 omnino
565 2287 770 2367 interciderit,
796 2288 944 2372 eugrrreri
967 2288 1068 2353 ausim
1097 2289 1184 2355 intus

92 2399 207 2464 vitium
235 2399 425 2479 delitesoere,
453 2405 487 2466 et
522 2405 579 2466 sut
612 2399 689 2484 ipsis
718 2399 933 2483 scriptoribus,
963 2403 1020 2464 sut
1055 2401 1184 2467 omnino

94 2510 248 2576 scribendi
268 2511 377 2596 generi
398 2533 465 2576 esse
485 2510 693 2576 referendum.

138 2621 199 2686 IV.
220 2621 353 2702 Deinde,
376 2644 472 2707 quem
496 2645 560 2706 prae
583 2644 617 2686 se
639 2621 746 2686 ferunt
768 2620 893 2686 leudem
920 2622 1055 2686 Romnni
1079 2621 1183 2707 Serip-

98 2735 188 2810 tores,
202 2753 315 2817 nempe
335 2733 531 2810 imitationis,
551 2732 685 2798 viriliter
703 2737 844 2818 egentes,
865 2737 905 2796 nt
925 2732 1046 2818 opinor,
1067 2738 1102 2798 et
1121 2757 1184 2798 suae

97 2841 233 2926 ipsorum
253 2844 450 2910 eonsulentes
469 2845 570 2924 fame,
585 2843 632 2908 illi
653 2844 688 2908 in
710 2844 831 2910 seeniea
849 2844 936 2929 poesi
953 2845 1059 2910 nullus
1073 2867 1182 2910 oonee·

98 2953 181 3020 ditur
194 2953 290 3021 loeus.
333 2955 474 3035 Etenim,
488 2978 586 3041 quum
603 2956 665 3022 dno
685 2956 749 3022 fere
767 2955 834 3020 sint
847 2977 964 3041 genere
977 2955 1164 3022 imitationis
1173 2984 1183 3035 ;

98 3087 193 3132 unum
214 3066 300 3152 qnod
323 3088 489 3132 commune
514 3072 563 3132 est
588 3067 735 3133 omnibus
759 3067 944 3146 artificibus,
965 3071 1004 3132 nt
1026 3072 1183 3147 naturam,

97 3177 204 3257 vitem,
219 3201 320 3245 mores
342 3178 552 3264 exprimemus
573 3182 607 3244 et
628 3178 859 3258 edumbremus,
873 3179 1019 3258 alterum,
1034 3178 1118 3264 quod
1139 3179 1184 3243 rei

95 3287 250 3354 litteraris
268 3290 372 3376 magis
390 3290 552 3376 proprium
571 3289 706 3370 videtur,
724 3295 758 3355 et
780 3289 815 3354 in
839 3289 973 3356 eliomm
994 3289 1182 3375 scriptorum

100 3399 268 3479 sententiis,
297 3402 505 3487 oomponendi
542 3399 655 3482 modis,
687 3400 765 3486 ipsis
800 3400 903 3466 verbis
938 3401 1101 3466 imitandis
1136 3407 1185 3466 est

100 3511 242 3597 positum,
268 3514 334 3578 heo
362 3513 397 3577 in
421 3511 609 3598 trsgoedinm
634 3511 738 3578 neseio
764 3511 840 3597 quid
865 3512 961 3577 infert
986 3511 1183 3597 frigiditatis,

101 3623 196 3688 multo
213 3645 287 3688 vero
307 3623 410 3709 magis
431 3623 467 3688 in
487 3623 682 3703 oommdiem,
695 3624 752 3688 ille
771 3627 874 3689 totam
895 3623 1051 3690 seenieem
1071 3628 1183 3704 artem,

101 3735 239 3820 siquem
261 3734 367 3814 eliam,
388 3739 422 3800 et
440 3735 551 3820 gignit
576 3742 609 3801 et
630 3735 772 3820 inspiret.
818 3735 908 3801 lieet
929 3735 1026 3800 etiem
1047 3735 1099 3800 hio
1120 3757 1184 3802 non

103 3843 227 3930 simplex
255 3844 400 3912 videntur
428 3845 566 3911 imitetio
577 3872 587 3923 ;
620 3851 725 3933 potest
753 3847 838 3912 enim
871 3851 965 3932 poete
992 3847 1039 3912 ite
1066 3847 1184 3932 priores

103 3957 180 4012 serini
196 3963 234 4012 nt.
248 3963 391 4012 naturam
408 3957 507 4012 insum
529 3963 603 4012 ante
623 3957 728 4012 nonina
746 3957 868 4012 linirent..
885 3959 948 4012 illis
968 3960 1054 4012 nrrnni
1074 3959 1183 4012 linnnln
