<?xml version="1.0" encoding="UTF-8"?>
<!DOCTYPE html PUBLIC "-//W3C//DTD XHTML 1.0 Transitional//EN"
    "http://www.w3.org/TR/xhtml1/DTD/xhtml1-transitional.dtd">
<html xmlns="http://www.w3.org/1999/xhtml" xml:lang="en" lang="en">
 <head>
  <title>
</title>
<meta http-equiv="Content-Type" content="text/html;charset=utf-8" />
  <meta name='ocr-system' content='tesseract 3.04.00' />
  <meta name='ocr-capabilities' content='ocr_page ocr_carea ocr_par ocr_line ocrx_word'/>
</head>
<body>
  <div class='ocr_page' id='page_1' title='image "./descenicapoesir00pricgoog_0014.png"; bbox 0 0 2686 4126; ppageno 0'>
   <div class='ocr_carea' id='block_1_1' title="bbox 30 87 1213 208">
    <p class='ocr_par' dir='ltr' id='par_1_1' title="bbox 30 87 1213 208">
     <span class='ocr_line' id='line_1_1' title="bbox 30 87 1213 208; baseline 0.005 -28"><span class='ocrx_word' id='word_1_1' title='bbox 30 173 31 180; x_wconf 74' lang='grc'>,</span> <span class='ocrx_word' id='word_1_2' title='bbox 109 137 254 202; x_wconf 86' lang='lat' dir='ltr'><strong>quorum</strong></span> <span class='ocrx_word' id='word_1_3' title='bbox 282 115 330 182; x_wconf 90' lang='lat' dir='ltr'><strong>illi</strong></span> <span class='ocrx_word' id='word_1_4' title='bbox 357 117 461 203; x_wconf 86' lang='lat' dir='ltr'><strong>placet</strong></span> <span class='ocrx_word' id='word_1_5' title='bbox 489 142 555 186; x_wconf 91' lang='lat' dir='ltr'><strong>non</strong></span> <span class='ocrx_word' id='word_1_6' title='bbox 584 143 650 188; x_wconf 87' lang='lat' dir='ltr'><strong>esse</strong></span> <span class='ocrx_word' id='word_1_7' title='bbox 678 87 791 207; x_wconf 76' lang='lat' dir='ltr'><strong>dignas</strong></span> <span class='ocrx_word' id='word_1_8' title='bbox 820 121 942 187; x_wconf 83' lang='lat' dir='ltr'><strong>fabulas</strong></span> <span class='ocrx_word' id='word_1_9' title='bbox 967 120 1118 188; x_wconf 82' lang='lat' dir='ltr'><strong>Livianus</strong></span> <span class='ocrx_word' id='word_1_10' title='bbox 1144 143 1213 208; x_wconf 77' lang='lat' dir='ltr'><strong>quae</strong></span> 
     </span>
    </p>
   </div>
   <div class='ocr_carea' id='block_1_2' title="bbox 30 227 1214 3667">
    <p class='ocr_par' dir='ltr' id='par_1_2' title="bbox 30 227 1214 773">
     <span class='ocr_line' id='line_1_2' title="bbox 30 227 1214 326; baseline 0.003 -34"><span class='ocrx_word' id='word_1_11' title='bbox 30 319 31 326; x_wconf 8' lang='grc' dir='ltr'>ἵ</span> <span class='ocrx_word' id='word_1_12' title='bbox 109 227 238 294; x_wconf 82' lang='lat' dir='ltr'><strong>itemm</strong></span> <span class='ocrx_word' id='word_1_13' title='bbox 257 228 417 314; x_wconf 86' lang='lat' dir='ltr'><strong>legantur,</strong></span> <span class='ocrx_word' id='word_1_14' title='bbox 436 231 488 296; x_wconf 92' lang='lat' dir='ltr'><strong>hic</strong></span> <span class='ocrx_word' id='word_1_15' title='bbox 510 232 644 298; x_wconf 90' lang='lat' dir='ltr'><strong>eundem</strong></span> <span class='ocrx_word' id='word_1_16' title='bbox 664 233 812 298; x_wconf 74' lang='lat' dir='ltr'><strong>attribuit</strong></span> <span class='ocrx_word' id='word_1_17' title='bbox 832 232 926 298; x_wconf 82' lang='lat' dir='ltr'><strong>Livio</strong></span> <span class='ocrx_word' id='word_1_18' title='bbox 946 233 1051 297; x_wconf 89' lang='lat' dir='ltr'><strong>locum</strong></span> <span class='ocrx_word' id='word_1_19' title='bbox 1071 231 1107 296; x_wconf 94' lang='lat' dir='ltr'><strong>in</strong></span> <span class='ocrx_word' id='word_1_20' title='bbox 1127 231 1214 317; x_wconf 84' lang='lat' dir='ltr'><strong>poesi</strong></span> 
     </span>
     <span class='ocr_line' id='line_1_3' title="bbox 30 339 1214 438; baseline 0.004 -34"><span class='ocrx_word' id='word_1_21' title='bbox 30 399 32 438; x_wconf 37' lang='lat' dir='ltr'>f</span> <span class='ocrx_word' id='word_1_22' title='bbox 111 339 315 420; x_wconf 72' lang='lat' dir='ltr'><strong>mstimanda,</strong></span> <span class='ocrx_word' id='word_1_23' title='bbox 330 363 423 426; x_wconf 89' lang='lat' dir='ltr'><strong>quem</strong></span> <span class='ocrx_word' id='word_1_24' title='bbox 439 342 475 408; x_wconf 91' lang='lat' dir='ltr'><strong>in</strong></span> <span class='ocrx_word' id='word_1_25' title='bbox 491 342 615 429; x_wconf 76' lang='lat' dir='ltr'><strong>pictura</strong></span> <span class='ocrx_word' id='word_1_26' title='bbox 632 344 846 430; x_wconf 81' lang='lat' dir='ltr'><strong>sciographiae,</strong></span> <span class='ocrx_word' id='word_1_27' title='bbox 860 343 990 410; x_wconf 86' lang='lat' dir='ltr'><strong>rudibus</strong></span> <span class='ocrx_word' id='word_1_28' title='bbox 1007 366 1120 430; x_wconf 83' lang='lat' dir='ltr'><strong>nempe</strong></span> <span class='ocrx_word' id='word_1_29' title='bbox 1135 343 1214 409; x_wconf 88' lang='lat' dir='ltr'><strong>artie</strong></span> 
     </span>
     <span class='ocr_line' id='line_1_4' title="bbox 111 449 1214 541; baseline 0.005 -25"><span class='ocrx_word' id='word_1_30' title='bbox 111 449 282 537; x_wconf 80' lang='lat' dir='ltr'><strong>principiis</strong></span> <span class='ocrx_word' id='word_1_31' title='bbox 301 456 335 517; x_wconf 90' lang='lat' dir='ltr'><strong>et</strong></span> <span class='ocrx_word' id='word_1_32' title='bbox 351 453 406 518; x_wconf 86' lang='lat' dir='ltr'><strong>vix</strong></span> <span class='ocrx_word' id='word_1_33' title='bbox 425 453 459 518; x_wconf 94' lang='lat' dir='ltr'><strong>in</strong></span> <span class='ocrx_word' id='word_1_34' title='bbox 478 454 595 520; x_wconf 88' lang='lat' dir='ltr'><strong>artium</strong></span> <span class='ocrx_word' id='word_1_35' title='bbox 614 478 743 521; x_wconf 89' lang='lat' dir='ltr'><strong>numero</strong></span> <span class='ocrx_word' id='word_1_36' title='bbox 763 455 925 521; x_wconf 83' lang='lat' dir='ltr'><strong>habendis.</strong></span> <span class='ocrx_word' id='word_1_37' title='bbox 970 455 1020 520; x_wconf 93' lang='lat' dir='ltr'><strong>De</strong></span> <span class='ocrx_word' id='word_1_38' title='bbox 1038 478 1101 540; x_wconf 91' lang='lat' dir='ltr'><strong>quo</strong></span> <span class='ocrx_word' id='word_1_39' title='bbox 1119 463 1214 541; x_wconf 81' lang='lat' dir='ltr'><strong>poeta</strong></span> 
     </span>
     <span class='ocr_line' id='line_1_5' title="bbox 30 562 1213 660; baseline 0.006 -34"><span class='ocrx_word' id='word_1_40' title='bbox 30 623 32 660; x_wconf 27' lang='grc' dir='ltr'><strong><em>ἵ</em></strong></span> <span class='ocrx_word' id='word_1_41' title='bbox 112 562 183 628; x_wconf 90' lang='lat' dir='ltr'><strong>duo</strong></span> <span class='ocrx_word' id='word_1_42' title='bbox 203 568 331 628; x_wconf 90' lang='lat' dir='ltr'><strong>tantum</strong></span> <span class='ocrx_word' id='word_1_43' title='bbox 347 565 416 650; x_wconf 90' lang='lat' dir='ltr'><strong>jam</strong></span> <span class='ocrx_word' id='word_1_44' title='bbox 437 572 513 632; x_wconf 84' lang='lat' dir='ltr'><strong>sunt</strong></span> <span class='ocrx_word' id='word_1_45' title='bbox 533 567 734 632; x_wconf 84' lang='lat' dir='ltr'><strong>memoranda</strong></span> <span class='ocrx_word' id='word_1_46' title='bbox 743 592 754 646; x_wconf 89' lang='lat'>;</span> <span class='ocrx_word' id='word_1_47' title='bbox 783 567 923 652; x_wconf 92' lang='lat' dir='ltr'><strong>primum</strong></span> <span class='ocrx_word' id='word_1_48' title='bbox 944 589 1009 634; x_wconf 92' lang='lat' dir='ltr'><strong>non</strong></span> <span class='ocrx_word' id='word_1_49' title='bbox 1031 567 1213 633; x_wconf 68' lang='lat' dir='ltr'><strong>Graecorum</strong></span> 
     </span>
     <span class='ocr_line' id='line_1_6' title="bbox 30 673 1213 773; baseline 0.006 -36"><span class='ocrx_word' id='word_1_50' title='bbox 30 731 33 773; x_wconf 42' lang='lat' dir='ltr'>s</span> <span class='ocrx_word' id='word_1_51' title='bbox 111 673 166 738; x_wconf 86' lang='lat' dir='ltr'><strong>ita</strong></span> <span class='ocrx_word' id='word_1_52' title='bbox 187 673 284 740; x_wconf 87' lang='lat' dir='ltr'><strong>fuisse</strong></span> <span class='ocrx_word' id='word_1_53' title='bbox 308 675 500 742; x_wconf 75' lang='lat' dir='ltr'><strong>imitatorem</strong></span> <span class='ocrx_word' id='word_1_54' title='bbox 520 683 559 742; x_wconf 91' lang='lat' dir='ltr'><strong>ut</strong></span> <span class='ocrx_word' id='word_1_55' title='bbox 579 679 711 743; x_wconf 84' lang='lat' dir='ltr'><strong>verbum</strong></span> <span class='ocrx_word' id='word_1_56' title='bbox 732 679 828 744; x_wconf 90' lang='lat' dir='ltr'><strong>verbo</strong></span> <span class='ocrx_word' id='word_1_57' title='bbox 850 679 993 744; x_wconf 88' lang='lat' dir='ltr'><strong>redderet</strong></span> <span class='ocrx_word' id='word_1_58' title='bbox 1013 678 1213 764; x_wconf 90' lang='lat' dir='ltr'><strong>unumquod-</strong></span> 
     </span>
    </p>

    <p class='ocr_par' dir='ltr' id='par_1_3' title="bbox 30 785 1214 2082">
     <span class='ocr_line' id='line_1_7' title="bbox 112 785 1213 875; baseline 0.005 -25"><span class='ocrx_word' id='word_1_59' title='bbox 112 807 191 871; x_wconf 85' lang='lat' dir='ltr'>que,</span> <span class='ocrx_word' id='word_1_60' title='bbox 213 785 297 872; x_wconf 88' lang='lat' dir='ltr'><strong>quod</strong></span> <span class='ocrx_word' id='word_1_61' title='bbox 321 787 460 873; x_wconf 82' lang='lat' dir='ltr'><strong>plerique</strong></span> <span class='ocrx_word' id='word_1_62' title='bbox 485 791 561 854; x_wconf 89' lang='lat' dir='ltr'><strong>sunt</strong></span> <span class='ocrx_word' id='word_1_63' title='bbox 583 788 711 874; x_wconf 87' lang='lat' dir='ltr'><strong>opinati.</strong></span> <span class='ocrx_word' id='word_1_64' title='bbox 765 789 801 854; x_wconf 86' lang='lat' dir='ltr'><strong>Si</strong></span> <span class='ocrx_word' id='word_1_65' title='bbox 825 789 911 856; x_wconf 89' lang='lat' dir='ltr'><strong>enim</strong></span> <span class='ocrx_word' id='word_1_66' title='bbox 933 790 1121 875; x_wconf 84' lang='lat' dir='ltr'><strong>AEgisthum</strong></span> <span class='ocrx_word' id='word_1_67' title='bbox 1145 790 1213 875; x_wconf 92' lang='lat' dir='ltr'><strong>ejus</strong></span> 
     </span>
     <span class='ocr_line' id='line_1_8' title="bbox 113 897 1214 986; baseline 0.004 -23.649"><span class='ocrx_word' id='word_1_68' title='bbox 113 919 195 962; x_wconf 91' lang='lat' dir='ltr'><strong>cum</strong></span> <span class='ocrx_word' id='word_1_69' title='bbox 208 897 352 984; x_wconf 84' lang='lat' dir='ltr'><strong>AEschyli</strong></span> <span class='ocrx_word' id='word_1_70' title='bbox 370 899 509 966; x_wconf 87' lang='lat' dir='ltr'><strong>Oresteis</strong></span> <span class='ocrx_word' id='word_1_71' title='bbox 527 923 752 986; x_wconf 86' lang='lat' dir='ltr'><strong>comparemus,</strong></span> <span class='ocrx_word' id='word_1_72' title='bbox 768 901 876 966; x_wconf 86' lang='lat' dir='ltr'><strong>fabula</strong></span> <span class='ocrx_word' id='word_1_73' title='bbox 892 924 931 968; x_wconf 86' lang='lat' dir='ltr'><strong>ex</strong></span> <span class='ocrx_word' id='word_1_74' title='bbox 948 902 1088 967; x_wconf 88' lang='lat' dir='ltr'><strong>Homero</strong></span> <span class='ocrx_word' id='word_1_75' title='bbox 1106 901 1214 986; x_wconf 82' lang='lat' dir='ltr'><strong>potius</strong></span> 
     </span>
     <span class='ocr_line' id='line_1_9' title="bbox 30 1010 1213 1098; baseline -0.001 -20"><span class='ocrx_word' id='word_1_76' title='bbox 30 1073 31 1078; x_wconf 73' lang='grc'>,</span> <span class='ocrx_word' id='word_1_77' title='bbox 115 1029 217 1093; x_wconf 87' lang='lat' dir='ltr'><strong>quam</strong></span> <span class='ocrx_word' id='word_1_78' title='bbox 240 1032 280 1075; x_wconf 84' lang='lat' dir='ltr'><strong>ex</strong></span> <span class='ocrx_word' id='word_1_79' title='bbox 304 1010 456 1096; x_wconf 82' lang='lat' dir='ltr'><strong>AEschylo</strong></span> <span class='ocrx_word' id='word_1_80' title='bbox 481 1011 606 1077; x_wconf 89' lang='lat' dir='ltr'><strong>videtur</strong></span> <span class='ocrx_word' id='word_1_81' title='bbox 631 1033 698 1078; x_wconf 88' lang='lat' dir='ltr'><strong>esse</strong></span> <span class='ocrx_word' id='word_1_82' title='bbox 726 1017 877 1092; x_wconf 84' lang='lat' dir='ltr'><strong>extracta,</strong></span> <span class='ocrx_word' id='word_1_83' title='bbox 903 1035 1001 1098; x_wconf 89' lang='lat' dir='ltr'><strong>quum</strong></span> <span class='ocrx_word' id='word_1_84' title='bbox 1029 1035 1094 1078; x_wconf 90' lang='lat' dir='ltr'><strong>non</strong></span> <span class='ocrx_word' id='word_1_85' title='bbox 1119 1011 1213 1077; x_wconf 90' lang='lat' dir='ltr'><strong>modo</strong></span> 
     </span>
     <span class='ocr_line' id='line_1_10' title="bbox 30 1103 1213 1210; baseline -0.002 -20"><span class='ocrx_word' id='word_1_86' title='bbox 30 1103 31 1190; x_wconf 40' lang='lat' dir='ltr'>s</span> <span class='ocrx_word' id='word_1_87' title='bbox 116 1119 205 1186; x_wconf 88' lang='lat' dir='ltr'><strong>iuter</strong></span> <span class='ocrx_word' id='word_1_88' title='bbox 221 1121 338 1206; x_wconf 88' lang='lat' dir='ltr'><strong>epulas,</strong></span> <span class='ocrx_word' id='word_1_89' title='bbox 353 1144 418 1188; x_wconf 93' lang='lat' dir='ltr'><strong>non</strong></span> <span class='ocrx_word' id='word_1_90' title='bbox 437 1122 472 1187; x_wconf 91' lang='lat' dir='ltr'><strong>in</strong></span> <span class='ocrx_word' id='word_1_91' title='bbox 490 1123 620 1203; x_wconf 75' lang='lat' dir='ltr'><strong>balneis,</strong></span> <span class='ocrx_word' id='word_1_92' title='bbox 635 1123 823 1190; x_wconf 89' lang='lat' dir='ltr'><strong>admittatur</strong></span> <span class='ocrx_word' id='word_1_93' title='bbox 836 1123 1086 1210; x_wconf 80' lang='lat' dir='ltr'><strong>Agamemnonis</strong></span> <span class='ocrx_word' id='word_1_94' title='bbox 1104 1124 1213 1204; x_wconf 78' lang='lat' dir='ltr'><strong>cades,</strong></span> 
     </span>
     <span class='ocr_line' id='line_1_11' title="bbox 116 1233 1213 1302; baseline 0.002 -3.855"><span class='ocrx_word' id='word_1_95' title='bbox 116 1255 230 1298; x_wconf 79' lang='lat' dir='ltr'><strong>venam</strong></span> <span class='ocrx_word' id='word_1_96' title='bbox 252 1233 349 1299; x_wconf 81' lang='lat' dir='ltr'><strong>ctiam</strong></span> <span class='ocrx_word' id='word_1_97' title='bbox 374 1240 520 1300; x_wconf 89' lang='lat' dir='ltr'><strong>natarum</strong></span> <span class='ocrx_word' id='word_1_98' title='bbox 543 1235 601 1300; x_wconf 88' lang='lat' dir='ltr'><strong>fiat</strong></span> <span class='ocrx_word' id='word_1_99' title='bbox 622 1235 751 1302; x_wconf 92' lang='lat' dir='ltr'><strong>mentio.</strong></span> <span class='ocrx_word' id='word_1_100' title='bbox 808 1235 880 1301; x_wconf 90' lang='lat' dir='ltr'><strong>Hoc</strong></span> <span class='ocrx_word' id='word_1_101' title='bbox 903 1235 1015 1302; x_wconf 92' lang='lat' dir='ltr'><strong>deinde</strong></span> <span class='ocrx_word' id='word_1_102' title='bbox 1040 1257 1213 1301; x_wconf 91' lang='lat' dir='ltr'><strong>memorare</strong></span> 
     </span>
     <span class='ocr_line' id='line_1_12' title="bbox 116 1344 1212 1431; baseline 0.001 -22"><span class='ocrx_word' id='word_1_103' title='bbox 116 1344 227 1426; x_wconf 83' lang='lat' dir='ltr'><strong>velim,</strong></span> <span class='ocrx_word' id='word_1_104' title='bbox 245 1345 397 1412; x_wconf 78' lang='lat' dir='ltr'><strong>Senecam</strong></span> <span class='ocrx_word' id='word_1_105' title='bbox 416 1346 490 1410; x_wconf 92' lang='lat' dir='ltr'><strong>huic</strong></span> <span class='ocrx_word' id='word_1_106' title='bbox 508 1346 670 1431; x_wconf 76' lang='lat' dir='ltr'><strong>tragoediae</strong></span> <span class='ocrx_word' id='word_1_107' title='bbox 691 1347 737 1412; x_wconf 86' lang='lat' dir='ltr'><strong>ita</strong></span> <span class='ocrx_word' id='word_1_108' title='bbox 756 1345 945 1426; x_wconf 83' lang='lat' dir='ltr'><strong>incubuisse,</strong></span> <span class='ocrx_word' id='word_1_109' title='bbox 961 1352 1000 1411; x_wconf 94' lang='lat' dir='ltr'><strong>ut</strong></span> <span class='ocrx_word' id='word_1_110' title='bbox 1020 1369 1121 1410; x_wconf 91' lang='lat' dir='ltr'><strong>unum</strong></span> <span class='ocrx_word' id='word_1_111' title='bbox 1141 1351 1212 1410; x_wconf 86' lang='lat' dir='ltr'><strong>tan·</strong></span> 
     </span>
     <span class='ocr_line' id='line_1_13' title="bbox 115 1457 1212 1543; baseline 0 -21"><span class='ocrx_word' id='word_1_112' title='bbox 115 1461 192 1522; x_wconf 89' lang='lat' dir='ltr'><strong>tum</strong></span> <span class='ocrx_word' id='word_1_113' title='bbox 214 1461 318 1523; x_wconf 83' lang='lat' dir='ltr'><strong>exstet</strong></span> <span class='ocrx_word' id='word_1_114' title='bbox 341 1457 478 1522; x_wconf 84' lang='lat' dir='ltr'><strong>frustum</strong></span> <span class='ocrx_word' id='word_1_115' title='bbox 501 1458 585 1543; x_wconf 93' lang='lat' dir='ltr'><strong>quod</strong></span> <span class='ocrx_word' id='word_1_116' title='bbox 606 1481 672 1524; x_wconf 89' lang='lat' dir='ltr'><strong>nou</strong></span> <span class='ocrx_word' id='word_1_117' title='bbox 693 1457 733 1523; x_wconf 87' lang='lat' dir='ltr'><strong>ab</strong></span> <span class='ocrx_word' id='word_1_118' title='bbox 757 1480 793 1523; x_wconf 88' lang='lat' dir='ltr'><strong>eo</strong></span> <span class='ocrx_word' id='word_1_119' title='bbox 816 1458 1040 1524; x_wconf 90' lang='lat' dir='ltr'><strong>adumbratum</strong></span> <span class='ocrx_word' id='word_1_120' title='bbox 1062 1479 1212 1542; x_wconf 86' lang='lat' dir='ltr'><strong>recogno-</strong></span> 
     </span>
     <span class='ocr_line' id='line_1_14' title="bbox 116 1568 1214 1653; baseline 0 -19"><span class='ocrx_word' id='word_1_121' title='bbox 116 1569 244 1636; x_wconf 84' lang='lat' dir='ltr'><strong>scimus.</strong></span> <span class='ocrx_word' id='word_1_122' title='bbox 299 1569 354 1634; x_wconf 81' lang='lat' dir='ltr'><strong>An</strong></span> <span class='ocrx_word' id='word_1_123' title='bbox 389 1569 555 1635; x_wconf 85' lang='lat' dir='ltr'><strong>comoedias</strong></span> <span class='ocrx_word' id='word_1_124' title='bbox 591 1569 732 1634; x_wconf 89' lang='lat' dir='ltr'><strong>docuerit</strong></span> <span class='ocrx_word' id='word_1_125' title='bbox 767 1569 878 1636; x_wconf 84' lang='lat' dir='ltr'><strong>Livius</strong></span> <span class='ocrx_word' id='word_1_126' title='bbox 914 1569 949 1634; x_wconf 92' lang='lat' dir='ltr'><strong>in</strong></span> <span class='ocrx_word' id='word_1_127' title='bbox 983 1592 1017 1634; x_wconf 93' lang='lat' dir='ltr'><strong>re</strong></span> <span class='ocrx_word' id='word_1_128' title='bbox 1053 1568 1214 1653; x_wconf 81' lang='lat' dir='ltr'><strong>disputata</strong></span> 
     </span>
     <span class='ocr_line' id='line_1_15' title="bbox 117 1679 1213 1768; baseline 0 -22"><span class='ocrx_word' id='word_1_129' title='bbox 117 1680 254 1746; x_wconf 89' lang='lat' dir='ltr'><strong>dubium</strong></span> <span class='ocrx_word' id='word_1_130' title='bbox 288 1681 391 1746; x_wconf 91' lang='lat' dir='ltr'><strong>adhuc</strong></span> <span class='ocrx_word' id='word_1_131' title='bbox 426 1680 561 1747; x_wconf 86' lang='lat' dir='ltr'><strong>videtur.</strong></span> <span class='ocrx_word' id='word_1_132' title='bbox 620 1681 735 1746; x_wconf 71' lang='lat' dir='ltr'><strong>&#39;l&#39;ereus</strong></span> <span class='ocrx_word' id='word_1_133' title='bbox 771 1681 867 1762; x_wconf 91' lang='lat' dir='ltr'><strong>enim,</strong></span> <span class='ocrx_word' id='word_1_134' title='bbox 899 1703 995 1768; x_wconf 90' lang='lat' dir='ltr'><strong>quam</strong></span> <span class='ocrx_word' id='word_1_135' title='bbox 1028 1679 1213 1746; x_wconf 86' lang='lat' dir='ltr'><strong>comoediam</strong></span> 
     </span>
     <span class='ocr_line' id='line_1_16' title="bbox 118 1790 1213 1878; baseline 0.001 -23"><span class='ocrx_word' id='word_1_136' title='bbox 118 1791 275 1876; x_wconf 85' lang='lat' dir='ltr'><strong>appellare</strong></span> <span class='ocrx_word' id='word_1_137' title='bbox 294 1792 453 1858; x_wconf 90' lang='lat' dir='ltr'><strong>nonnullis</strong></span> <span class='ocrx_word' id='word_1_138' title='bbox 472 1791 601 1878; x_wconf 86' lang='lat' dir='ltr'><strong>placuit,</strong></span> <span class='ocrx_word' id='word_1_139' title='bbox 617 1815 707 1878; x_wconf 85' lang='lat' dir='ltr'><strong>reges</strong></span> <span class='ocrx_word' id='word_1_140' title='bbox 724 1795 831 1858; x_wconf 85' lang='lat' dir='ltr'><strong>tamen</strong></span> <span class='ocrx_word' id='word_1_141' title='bbox 851 1798 885 1858; x_wconf 88' lang='lat' dir='ltr'><strong>et</strong></span> <span class='ocrx_word' id='word_1_142' title='bbox 904 1793 1014 1858; x_wconf 86' lang='lat' dir='ltr'><strong>heroas</strong></span> <span class='ocrx_word' id='word_1_143' title='bbox 1033 1790 1068 1856; x_wconf 90' lang='lat' dir='ltr'><strong>in</strong></span> <span class='ocrx_word' id='word_1_144' title='bbox 1087 1813 1213 1856; x_wconf 86' lang='lat' dir='ltr'><strong>scenam</strong></span> 
     </span>
     <span class='ocr_line' id='line_1_17' title="bbox 120 1883 1214 1989; baseline 0 -21"><span class='ocrx_word' id='word_1_145' title='bbox 120 1901 344 1989; x_wconf 69' lang='lat' dir='ltr'><strong>inducitque</strong></span> <span class='ocrx_word' id='word_1_146' title='bbox 363 1927 414 1970; x_wconf 88' lang='lat' dir='ltr'><strong>res</strong></span> <span class='ocrx_word' id='word_1_147' title='bbox 438 1904 484 1970; x_wconf 83' lang='lat' dir='ltr'><strong>itu</strong></span> <span class='ocrx_word' id='word_1_148' title='bbox 505 1904 545 1970; x_wconf 86' lang='lat' dir='ltr'><strong>ab</strong></span> <span class='ocrx_word' id='word_1_149' title='bbox 567 1883 626 1969; x_wconf 79' lang='lat' dir='ltr'><strong>usu</strong></span> <span class='ocrx_word' id='word_1_150' title='bbox 649 1903 767 1969; x_wconf 91' lang='lat' dir='ltr'><strong>comico</strong></span> <span class='ocrx_word' id='word_1_151' title='bbox 790 1903 988 1984; x_wconf 88' lang='lat' dir='ltr'><strong>abhorrebat,</strong></span> <span class='ocrx_word' id='word_1_152' title='bbox 1009 1908 1048 1968; x_wconf 89' lang='lat' dir='ltr'><strong>ut</strong></span> <span class='ocrx_word' id='word_1_153' title='bbox 1068 1901 1214 1968; x_wconf 90' lang='lat' dir='ltr'><strong>nonnulli</strong></span> 
     </span>
     <span class='ocr_line' id='line_1_18' title="bbox 120 2013 824 2082; baseline 0.004 -4"><span class='ocrx_word' id='word_1_154' title='bbox 120 2013 291 2080; x_wconf 80' lang='lat' dir='ltr'><strong>maluerint</strong></span> <span class='ocrx_word' id='word_1_155' title='bbox 311 2015 395 2080; x_wconf 83' lang='lat' dir='ltr'><strong>inter</strong></span> <span class='ocrx_word' id='word_1_156' title='bbox 417 2015 579 2080; x_wconf 83' lang='lat' dir='ltr'><strong>Atellanas</strong></span> <span class='ocrx_word' id='word_1_157' title='bbox 599 2037 670 2080; x_wconf 87' lang='lat' dir='ltr'><strong>cam</strong></span> <span class='ocrx_word' id='word_1_158' title='bbox 691 2037 824 2082; x_wconf 89' lang='lat' dir='ltr'><strong>censere.</strong></span> 
     </span>
    </p>

    <p class='ocr_par' dir='ltr' id='par_1_4' title="bbox 118 2125 1213 3667">
     <span class='ocr_line' id='line_1_19' title="bbox 163 2125 1211 2212; baseline 0.002 -22"><span class='ocrx_word' id='word_1_159' title='bbox 163 2125 261 2190; x_wconf 89' lang='lat' dir='ltr'>VIII.</span> <span class='ocrx_word' id='word_1_160' title='bbox 283 2126 413 2194; x_wconf 84' lang='lat' dir='ltr'><strong>Livium</strong></span> <span class='ocrx_word' id='word_1_161' title='bbox 430 2127 649 2192; x_wconf 87' lang='lat' dir='ltr'><strong>Andronicum</strong></span> <span class='ocrx_word' id='word_1_162' title='bbox 668 2127 786 2212; x_wconf 87' lang='lat' dir='ltr'><strong>excipit</strong></span> <span class='ocrx_word' id='word_1_163' title='bbox 806 2127 866 2192; x_wconf 82' lang='lat' dir='ltr'><strong>Cn.</strong></span> <span class='ocrx_word' id='word_1_164' title='bbox 881 2126 1023 2206; x_wconf 76' lang='lat' dir='ltr'><strong>Naevius,</strong></span> <span class='ocrx_word' id='word_1_165' title='bbox 1042 2129 1136 2212; x_wconf 84' lang='lat' dir='ltr'><strong>poeta</strong></span> <span class='ocrx_word' id='word_1_166' title='bbox 1156 2148 1211 2192; x_wconf 90' lang='lat' dir='ltr'><strong>ne·</strong></span> 
     </span>
     <span class='ocr_line' id='line_1_20' title="bbox 119 2236 1213 2325; baseline 0.002 -23"><span class='ocrx_word' id='word_1_167' title='bbox 119 2236 199 2302; x_wconf 91' lang='lat' dir='ltr'><strong>mini</strong></span> <span class='ocrx_word' id='word_1_168' title='bbox 218 2260 284 2303; x_wconf 93' lang='lat' dir='ltr'><strong>non</strong></span> <span class='ocrx_word' id='word_1_169' title='bbox 304 2242 399 2304; x_wconf 88' lang='lat' dir='ltr'><strong>notus</strong></span> <span class='ocrx_word' id='word_1_170' title='bbox 420 2243 548 2325; x_wconf 85' lang='lat' dir='ltr'><strong>propter</strong></span> <span class='ocrx_word' id='word_1_171' title='bbox 566 2238 763 2325; x_wconf 90' lang='lat' dir='ltr'><strong>epitaphium</strong></span> <span class='ocrx_word' id='word_1_172' title='bbox 785 2237 865 2303; x_wconf 94' lang='lat' dir='ltr'><strong>illud</strong></span> <span class='ocrx_word' id='word_1_173' title='bbox 886 2237 921 2302; x_wconf 91' lang='lat' dir='ltr'><strong>in</strong></span> <span class='ocrx_word' id='word_1_174' title='bbox 941 2260 1003 2323; x_wconf 91' lang='lat' dir='ltr'><strong>quo</strong></span> <span class='ocrx_word' id='word_1_175' title='bbox 1021 2237 1213 2304; x_wconf 86' lang='lat' dir='ltr'><strong>vaticinatur</strong></span> 
     </span>
     <span class='ocr_line' id='line_1_21' title="bbox 118 2348 1211 2436; baseline 0 -22"><span class='ocrx_word' id='word_1_176' title='bbox 118 2372 153 2414; x_wconf 89' lang='lat' dir='ltr'><strong>se</strong></span> <span class='ocrx_word' id='word_1_177' title='bbox 180 2349 337 2416; x_wconf 84' lang='lat' dir='ltr'><strong>exstincto</strong></span> <span class='ocrx_word' id='word_1_178' title='bbox 366 2349 480 2416; x_wconf 89' lang='lat' dir='ltr'><strong>oblitos</strong></span> <span class='ocrx_word' id='word_1_179' title='bbox 509 2350 575 2416; x_wconf 89' lang='lat' dir='ltr'><strong>fore</strong></span> <span class='ocrx_word' id='word_1_180' title='bbox 604 2351 713 2416; x_wconf 77' lang='lat' dir='ltr'><strong>Roma</strong></span> <span class='ocrx_word' id='word_1_181' title='bbox 737 2359 760 2391; x_wconf 88' lang='lat'><strong>“</strong></span> <span class='ocrx_word' id='word_1_182' title='bbox 774 2349 895 2436; x_wconf 88' lang='lat' dir='ltr'><strong>loquier</strong></span> <span class='ocrx_word' id='word_1_183' title='bbox 923 2349 1039 2414; x_wconf 80' lang='lat' dir='ltr'><strong>latina</strong></span> <span class='ocrx_word' id='word_1_184' title='bbox 1066 2348 1211 2434; x_wconf 60' lang='lat' dir='ltr'><strong>lingua?</strong></span> 
     </span>
     <span class='ocr_line' id='line_1_22' title="bbox 120 2461 1212 2548; baseline 0.002 -22"><span class='ocrx_word' id='word_1_185' title='bbox 120 2461 218 2548; x_wconf 85' lang='lat' dir='ltr'><strong>Cujus</strong></span> <span class='ocrx_word' id='word_1_186' title='bbox 243 2461 279 2526; x_wconf 91' lang='lat' dir='ltr'><strong>in</strong></span> <span class='ocrx_word' id='word_1_187' title='bbox 304 2462 459 2548; x_wconf 82' lang='lat' dir='ltr'><strong>tragoedia</strong></span> <span class='ocrx_word' id='word_1_188' title='bbox 482 2461 610 2548; x_wconf 77' lang='lat' dir='ltr'><strong>quidem</strong></span> <span class='ocrx_word' id='word_1_189' title='bbox 634 2485 699 2528; x_wconf 92' lang='lat' dir='ltr'><strong>non</strong></span> <span class='ocrx_word' id='word_1_190' title='bbox 724 2461 832 2528; x_wconf 78' lang='lat' dir='ltr'><strong>multae</strong></span> <span class='ocrx_word' id='word_1_191' title='bbox 856 2461 899 2526; x_wconf 87' lang='lat' dir='ltr'><strong>ad</strong></span> <span class='ocrx_word' id='word_1_192' title='bbox 922 2483 980 2526; x_wconf 84' lang='lat' dir='ltr'><strong>nos</strong></span> <span class='ocrx_word' id='word_1_193' title='bbox 1004 2467 1212 2546; x_wconf 87' lang='lat' dir='ltr'><strong>pervenerunt</strong></span> 
     </span>
     <span class='ocr_line' id='line_1_23' title="bbox 120 2574 1212 2661; baseline 0.001 -23"><span class='ocrx_word' id='word_1_194' title='bbox 120 2574 273 2660; x_wconf 81' lang='lat' dir='ltr'><strong>reliquiae3</strong></span> <span class='ocrx_word' id='word_1_195' title='bbox 299 2575 334 2640; x_wconf 90' lang='lat' dir='ltr'><strong>in</strong></span> <span class='ocrx_word' id='word_1_196' title='bbox 355 2575 511 2661; x_wconf 88' lang='lat' dir='ltr'><strong>plerisque</strong></span> <span class='ocrx_word' id='word_1_197' title='bbox 531 2574 649 2641; x_wconf 87' lang='lat' dir='ltr'><strong>rustica</strong></span> <span class='ocrx_word' id='word_1_198' title='bbox 673 2575 776 2642; x_wconf 89' lang='lat' dir='ltr'><strong>nescio</strong></span> <span class='ocrx_word' id='word_1_199' title='bbox 800 2598 868 2661; x_wconf 80' lang='lat' dir='ltr'><strong>qua</strong></span> <span class='ocrx_word' id='word_1_200' title='bbox 893 2574 1044 2660; x_wconf 82' lang='lat' dir='ltr'><strong>asperitas</strong></span> <span class='ocrx_word' id='word_1_201' title='bbox 1066 2580 1212 2661; x_wconf 87' lang='lat' dir='ltr'><strong>percepta</strong></span> 
     </span>
     <span class='ocr_line' id='line_1_24' title="bbox 121 2684 1211 2772; baseline 0.001 -22"><span class='ocrx_word' id='word_1_202' title='bbox 121 2685 168 2751; x_wconf 88' lang='lat' dir='ltr'><strong>ita</strong></span> <span class='ocrx_word' id='word_1_203' title='bbox 186 2687 303 2752; x_wconf 88' lang='lat' dir='ltr'><strong>criticis</strong></span> <span class='ocrx_word' id='word_1_204' title='bbox 325 2686 487 2772; x_wconf 86' lang='lat' dir='ltr'><strong>displicuit</strong></span> <span class='ocrx_word' id='word_1_205' title='bbox 506 2691 546 2750; x_wconf 90' lang='lat' dir='ltr'><strong>ut</strong></span> <span class='ocrx_word' id='word_1_206' title='bbox 567 2686 716 2752; x_wconf 72' lang='lat' dir='ltr'><strong>Navium</strong></span> <span class='ocrx_word' id='word_1_207' title='bbox 737 2687 903 2752; x_wconf 68' lang='lat' dir='ltr'><strong>comediis</strong></span> <span class='ocrx_word' id='word_1_208' title='bbox 923 2691 1051 2750; x_wconf 84' lang='lat' dir='ltr'><strong>tantum</strong></span> <span class='ocrx_word' id='word_1_209' title='bbox 1070 2684 1211 2752; x_wconf 86' lang='lat' dir='ltr'><strong>docuisse</strong></span> 
     </span>
     <span class='ocr_line' id='line_1_25' title="bbox 122 2797 1211 2884; baseline 0 -22"><span class='ocrx_word' id='word_1_210' title='bbox 122 2797 181 2863; x_wconf 87' lang='lat' dir='ltr'><strong>sibi</strong></span> <span class='ocrx_word' id='word_1_211' title='bbox 196 2797 365 2878; x_wconf 84' lang='lat' dir='ltr'><strong>voluerint,</strong></span> <span class='ocrx_word' id='word_1_212' title='bbox 380 2821 432 2864; x_wconf 88' lang='lat' dir='ltr'><strong>eas</strong></span> <span class='ocrx_word' id='word_1_213' title='bbox 451 2821 520 2883; x_wconf 79' lang='lat' dir='ltr'><strong>ques</strong></span> <span class='ocrx_word' id='word_1_214' title='bbox 537 2798 696 2884; x_wconf 82' lang='lat' dir='ltr'><strong>tragicum</strong></span> <span class='ocrx_word' id='word_1_215' title='bbox 718 2798 862 2863; x_wconf 90' lang='lat' dir='ltr'><strong>nonnihil</strong></span> <span class='ocrx_word' id='word_1_216' title='bbox 881 2797 1011 2864; x_wconf 91' lang='lat' dir='ltr'><strong>indubie</strong></span> <span class='ocrx_word' id='word_1_217' title='bbox 1030 2797 1151 2882; x_wconf 87' lang='lat' dir='ltr'><strong>spirant</strong></span> <span class='ocrx_word' id='word_1_218' title='bbox 1169 2797 1211 2862; x_wconf 88' lang='lat' dir='ltr'><strong>ad</strong></span> 
     </span>
     <span class='ocr_line' id='line_1_26' title="bbox 121 2907 1210 2996; baseline -0.004 -20"><span class='ocrx_word' id='word_1_219' title='bbox 121 2910 280 2996; x_wconf 72' lang='lat' dir='ltr'><strong>traguadiae</strong></span> <span class='ocrx_word' id='word_1_220' title='bbox 301 2931 444 2975; x_wconf 89' lang='lat' dir='ltr'><strong>normam</strong></span> <span class='ocrx_word' id='word_1_221' title='bbox 465 2909 525 2976; x_wconf 89' lang='lat' dir='ltr'><strong>hoc</strong></span> <span class='ocrx_word' id='word_1_222' title='bbox 546 2909 675 2975; x_wconf 87' lang='lat' dir='ltr'><strong>consilio</strong></span> <span class='ocrx_word' id='word_1_223' title='bbox 696 2909 861 2995; x_wconf 85' lang='lat' dir='ltr'><strong>perfecisse</strong></span> <span class='ocrx_word' id='word_1_224' title='bbox 880 2914 919 2973; x_wconf 90' lang='lat' dir='ltr'><strong>ut</strong></span> <span class='ocrx_word' id='word_1_225' title='bbox 939 2908 1075 2994; x_wconf 84' lang='lat' dir='ltr'><strong>tragicos</strong></span> <span class='ocrx_word' id='word_1_226' title='bbox 1098 2907 1210 2972; x_wconf 81' lang='lat' dir='ltr'><strong>firrtim</strong></span> 
     </span>
     <span class='ocr_line' id='line_1_27' title="bbox 119 3021 1208 3106; baseline -0.004 -18"><span class='ocrx_word' id='word_1_227' title='bbox 119 3023 233 3088; x_wconf 89' lang='lat' dir='ltr'><strong>rideret</strong></span> <span class='ocrx_word' id='word_1_228' title='bbox 260 3027 294 3088; x_wconf 92' lang='lat' dir='ltr'><strong>et</strong></span> <span class='ocrx_word' id='word_1_229' title='bbox 322 3022 357 3087; x_wconf 94' lang='lat' dir='ltr'><strong>in</strong></span> <span class='ocrx_word' id='word_1_230' title='bbox 384 3021 556 3086; x_wconf 90' lang='lat' dir='ltr'><strong>ludibrium</strong></span> <span class='ocrx_word' id='word_1_231' title='bbox 585 3021 734 3086; x_wconf 88' lang='lat' dir='ltr'><strong>traheret.</strong></span> <span class='ocrx_word' id='word_1_232' title='bbox 787 3021 828 3086; x_wconf 95' lang='lat' dir='ltr'><strong>Id</strong></span> <span class='ocrx_word' id='word_1_233' title='bbox 856 3021 958 3086; x_wconf 88' lang='lat' dir='ltr'><strong>solum</strong></span> <span class='ocrx_word' id='word_1_234' title='bbox 980 3022 1049 3106; x_wconf 88' lang='lat' dir='ltr'><strong>jam</strong></span> <span class='ocrx_word' id='word_1_235' title='bbox 1074 3024 1208 3100; x_wconf 85' lang='lat' dir='ltr'><strong>constat,</strong></span> 
     </span>
     <span class='ocr_line' id='line_1_28' title="bbox 121 3132 1209 3220; baseline -0.003 -20"><span class='ocrx_word' id='word_1_236' title='bbox 121 3135 234 3200; x_wconf 73' lang='lat' dir='ltr'><strong>Graes</strong></span> <span class='ocrx_word' id='word_1_237' title='bbox 255 3133 371 3220; x_wconf 83' lang='lat' dir='ltr'><strong>origini</strong></span> <span class='ocrx_word' id='word_1_238' title='bbox 393 3155 501 3199; x_wconf 86' lang='lat' dir='ltr'><strong>omnes</strong></span> <span class='ocrx_word' id='word_1_239' title='bbox 525 3155 591 3198; x_wconf 88' lang='lat' dir='ltr'><strong>esse</strong></span> <span class='ocrx_word' id='word_1_240' title='bbox 615 3133 822 3198; x_wconf 69' lang='lat' dir='ltr'><strong>accubendas.</strong></span> <span class='ocrx_word' id='word_1_241' title='bbox 877 3133 919 3198; x_wconf 94' lang='lat' dir='ltr'><strong>In</strong></span> <span class='ocrx_word' id='word_1_242' title='bbox 940 3132 1098 3219; x_wconf 79' lang='lat' dir='ltr'><strong>Lycurgo,</strong></span> <span class='ocrx_word' id='word_1_243' title='bbox 1121 3132 1209 3217; x_wconf 89' lang='lat' dir='ltr'><strong>cujus</strong></span> 
     </span>
     <span class='ocr_line' id='line_1_29' title="bbox 122 3241 1209 3331; baseline -0.001 -20"><span class='ocrx_word' id='word_1_244' title='bbox 122 3246 280 3331; x_wconf 89' lang='lat' dir='ltr'><strong>aliquanto</strong></span> <span class='ocrx_word' id='word_1_245' title='bbox 306 3246 379 3331; x_wconf 90' lang='lat' dir='ltr'><strong>plus</strong></span> <span class='ocrx_word' id='word_1_246' title='bbox 407 3245 442 3310; x_wconf 92' lang='lat' dir='ltr'><strong>in</strong></span> <span class='ocrx_word' id='word_1_247' title='bbox 466 3244 612 3310; x_wconf 88' lang='lat' dir='ltr'><strong>manibus</strong></span> <span class='ocrx_word' id='word_1_248' title='bbox 640 3244 803 3324; x_wconf 82' lang='lat' dir='ltr'><strong>habemus,</strong></span> <span class='ocrx_word' id='word_1_249' title='bbox 828 3244 967 3310; x_wconf 85' lang='lat' dir='ltr'><strong>Bacchas</strong></span> <span class='ocrx_word' id='word_1_250' title='bbox 991 3241 1151 3328; x_wconf 80' lang='lat' dir='ltr'><strong>Euripidis</strong></span> <span class='ocrx_word' id='word_1_251' title='bbox 1176 3249 1209 3310; x_wconf 90' lang='lat' dir='ltr'><strong>et</strong></span> 
     </span>
     <span class='ocr_line' id='line_1_30' title="bbox 122 3354 1208 3443; baseline -0.002 -21"><span class='ocrx_word' id='word_1_252' title='bbox 122 3356 264 3442; x_wconf 71' lang='lat' dir='ltr'><strong>Bachyli</strong></span> <span class='ocrx_word' id='word_1_253' title='bbox 278 3356 472 3443; x_wconf 81' lang='lat' dir='ltr'><strong>Lycurgiam</strong></span> <span class='ocrx_word' id='word_1_254' title='bbox 486 3356 547 3422; x_wconf 86' lang='lat' dir='ltr'><strong>sibi</strong></span> <span class='ocrx_word' id='word_1_255' title='bbox 560 3355 730 3422; x_wconf 86' lang='lat' dir='ltr'><strong>imitandas</strong></span> <span class='ocrx_word' id='word_1_256' title='bbox 743 3355 916 3442; x_wconf 88' lang='lat' dir='ltr'><strong>proposuit.</strong></span> <span class='ocrx_word' id='word_1_257' title='bbox 956 3354 1087 3420; x_wconf 75' lang='lat' dir='ltr'><strong>Eminet</strong></span> <span class='ocrx_word' id='word_1_258' title='bbox 1100 3359 1208 3420; x_wconf 86' lang='lat' dir='ltr'><strong>tamen</strong></span> 
     </span>
     <span class='ocr_line' id='line_1_31' title="bbox 121 3465 1208 3554; baseline 0.002 -20"><span class='ocrx_word' id='word_1_259' title='bbox 121 3467 282 3554; x_wconf 81' lang='lat' dir='ltr'><strong>ingenium</strong></span> <span class='ocrx_word' id='word_1_260' title='bbox 302 3474 413 3554; x_wconf 77' lang='lat' dir='ltr'><strong>poeta,</strong></span> <span class='ocrx_word' id='word_1_261' title='bbox 429 3475 463 3534; x_wconf 91' lang='lat' dir='ltr'><strong>et</strong></span> <span class='ocrx_word' id='word_1_262' title='bbox 478 3491 573 3554; x_wconf 90' lang='lat' dir='ltr'><strong>quem</strong></span> <span class='ocrx_word' id='word_1_263' title='bbox 593 3467 628 3532; x_wconf 91' lang='lat' dir='ltr'><strong>in</strong></span> <span class='ocrx_word' id='word_1_264' title='bbox 651 3466 746 3552; x_wconf 90' lang='lat' dir='ltr'><strong>epicis</strong></span> <span class='ocrx_word' id='word_1_265' title='bbox 767 3465 902 3534; x_wconf 89' lang='lat' dir='ltr'><strong>solemus</strong></span> <span class='ocrx_word' id='word_1_266' title='bbox 921 3466 1069 3532; x_wconf 89' lang='lat' dir='ltr'><strong>admirari</strong></span> <span class='ocrx_word' id='word_1_267' title='bbox 1086 3467 1208 3552; x_wconf 79' lang='lat' dir='ltr'><strong>patrius</strong></span> 
     </span>
     <span class='ocr_line' id='line_1_32' title="bbox 121 3577 1206 3667; baseline -0.002 -21"><span class='ocrx_word' id='word_1_268' title='bbox 121 3580 218 3665; x_wconf 82' lang='lat' dir='ltr'><strong>vigor.</strong></span> <span class='ocrx_word' id='word_1_269' title='bbox 270 3580 336 3646; x_wconf 87' lang='lat' dir='ltr'><strong>Vix</strong></span> <span class='ocrx_word' id='word_1_270' title='bbox 364 3603 442 3667; x_wconf 90' lang='lat' dir='ltr'><strong>opus</strong></span> <span class='ocrx_word' id='word_1_271' title='bbox 470 3585 519 3646; x_wconf 89' lang='lat' dir='ltr'><strong>est</strong></span> <span class='ocrx_word' id='word_1_272' title='bbox 547 3584 585 3645; x_wconf 89' lang='lat' dir='ltr'><strong>ut</strong></span> <span class='ocrx_word' id='word_1_273' title='bbox 613 3577 781 3646; x_wconf 87' lang='lat' dir='ltr'><strong>versiculos</strong></span> <span class='ocrx_word' id='word_1_274' title='bbox 810 3578 935 3644; x_wconf 89' lang='lat' dir='ltr'><strong>laudem</strong></span> <span class='ocrx_word' id='word_1_275' title='bbox 963 3577 1018 3664; x_wconf 90' lang='lat' dir='ltr'><strong>qui</strong></span> <span class='ocrx_word' id='word_1_276' title='bbox 1046 3583 1122 3644; x_wconf 87' lang='lat' dir='ltr'><strong>sunt</strong></span> <span class='ocrx_word' id='word_1_277' title='bbox 1149 3599 1206 3644; x_wconf 89' lang='lat' dir='ltr'><strong>nc-</strong></span> 
     </span>
    </p>
   </div>
   <div class='ocr_carea' id='block_1_3' title="bbox 123 3699 956 4002">
    <p class='ocr_par' dir='ltr' id='par_1_5' title="bbox 123 3699 956 4002">
     <span class='ocr_line' id='line_1_33' title="bbox 123 3699 822 3844; baseline -0.001 -16"><span class='ocrx_word' id='word_1_278' title='bbox 123 3699 253 3772; x_wconf 53' lang='grc' dir='ltr'><strong>ω,</strong></span> <span class='ocrx_word' id='word_1_279' title='bbox 310 3779 391 3828; x_wconf 79' lang='lat' dir='ltr'><strong>“Vos</strong></span> <span class='ocrx_word' id='word_1_280' title='bbox 406 3777 450 3844; x_wconf 89' lang='lat' dir='ltr'><strong>qui</strong></span> <span class='ocrx_word' id='word_1_281' title='bbox 466 3778 556 3844; x_wconf 74' lang='lat' dir='ltr'><strong>regalis</strong></span> <span class='ocrx_word' id='word_1_282' title='bbox 572 3778 681 3844; x_wconf 81' lang='lat' dir='ltr'><strong>corporis</strong></span> <span class='ocrx_word' id='word_1_283' title='bbox 697 3777 822 3827; x_wconf 79' lang='lat' dir='ltr'><strong>custodias</strong></span> 
     </span>
     <span class='ocr_line' id='line_1_34' title="bbox 335 3859 935 3927; baseline -0.003 -15"><span class='ocrx_word' id='word_1_284' title='bbox 335 3861 455 3927; x_wconf 75' lang='lat' dir='ltr'><strong>Agitatis,</strong></span> <span class='ocrx_word' id='word_1_285' title='bbox 472 3861 508 3912; x_wconf 87' lang='lat' dir='ltr'><strong>its</strong></span> <span class='ocrx_word' id='word_1_286' title='bbox 524 3865 638 3912; x_wconf 82' lang='lat' dir='ltr'><strong>actutum</strong></span> <span class='ocrx_word' id='word_1_287' title='bbox 653 3862 680 3910; x_wconf 87' lang='lat' dir='ltr'><strong>in</strong></span> <span class='ocrx_word' id='word_1_288' title='bbox 696 3859 846 3910; x_wconf 77' lang='lat' dir='ltr'><strong>fruudiieros</strong></span> <span class='ocrx_word' id='word_1_289' title='bbox 860 3859 935 3919; x_wconf 78' lang='lat' dir='ltr'><strong>locos,</strong></span> 
     </span>
     <span class='ocr_line' id='line_1_35' title="bbox 333 3943 956 4002; baseline -0.002 -8"><span class='ocrx_word' id='word_1_290' title='bbox 333 3943 440 4002; x_wconf 65' lang='lat' dir='ltr'><strong>mma</strong></span> <span class='ocrx_word' id='word_1_291' title='bbox 456 3945 558 3996; x_wconf 55' lang='lat' dir='ltr'><strong>musta</strong></span> <span class='ocrx_word' id='word_1_292' title='bbox 573 3945 617 3996; x_wconf 85' lang='lat' dir='ltr'><strong>ubi</strong></span> <span class='ocrx_word' id='word_1_293' title='bbox 632 3949 693 3996; x_wconf 74' lang='lat' dir='ltr'><strong>nata</strong></span> <span class='ocrx_word' id='word_1_294' title='bbox 709 3947 768 3994; x_wconf 78' lang='lat' dir='ltr'><strong>suut</strong></span> <span class='ocrx_word' id='word_1_295' title='bbox 784 3957 834 3994; x_wconf 87' lang='lat' dir='ltr'><strong>uon</strong></span> <span class='ocrx_word' id='word_1_296' title='bbox 850 3943 956 3994; x_wconf 57' lang='lat' dir='ltr'><strong>obsim</strong></span> 
     </span>
    </p>
   </div>
   <div class='ocr_carea' id='block_1_4' title="bbox 0 0 1354 4126">
    <p class='ocr_par' dir='ltr' id='par_1_6' title="bbox 0 0 1354 4126">
     <span class='ocr_line' id='line_1_36' title="bbox 0 0 1354 4126; baseline 0 0"><span class='ocrx_word' id='word_1_297' title='bbox 0 0 1354 4126; x_wconf 95' lang='lat' dir='ltr'><strong> </strong></span> 
     </span>
    </p>
   </div>
   <div class='ocr_carea' id='block_1_5' title="bbox 1220 3889 1313 4002">
    <p class='ocr_par' dir='ltr' id='par_1_7' title="bbox 1220 3889 1313 4002">
     <span class='ocr_line' id='line_1_37' title="bbox 1220 3889 1313 4002; baseline 0 0"><span class='ocrx_word' id='word_1_298' title='bbox 1220 3889 1313 4002; x_wconf 55' lang='lat' dir='ltr'>J</span> 
     </span>
    </p>
   </div>
  </div>
 </body>
</html>
