2686 4126
24 193 25 232 3
72 183 112 226 se
129 161 210 246 ipsa
223 165 367 245 prosunt,
383 183 478 248 quam
492 163 577 248 qnod
597 163 703 248 gentis
718 164 866 249 cujusque
880 169 913 228 et
927 161 1032 228 saculi
1044 183 1179 242 morum,

77 272 223 358 ingenii,
249 272 420 358 disciplina
449 279 525 340 sunt
553 275 752 340 documenta.
796 273 928 339 Accedit
955 273 1040 358 quod
1063 295 1182 357 magna

24 421 25 458 r
73 407 157 468 pare
182 384 311 450 scenicae
335 385 438 469 poesis
462 385 670 450 recentiorum
694 408 714 450 a
739 385 895 464 Terentio,
918 385 1041 464 Plauto,
1063 385 1181 450 Seneca

24 565 25 570 γ
76 496 240 580 inspirata
262 495 336 575 fuit,
360 501 393 562 et
411 497 506 582 juxta
530 501 638 562 eorum
661 497 818 582 exemplar
840 497 985 576 formata,
1007 496 1040 560 in
1063 518 1125 581 qne
1147 518 1181 562 re

24 671 25 676 ,
77 607 218 672 tertium
239 607 430 691 imponimus
449 607 652 693 philosophia
671 613 786 673 nostrae
807 612 911 692 caput.
953 607 1056 692 Atqui
1073 629 1181 672 vereor

24 783 25 786 ,
79 741 124 786 ne
152 741 253 805 quum
281 723 407 784 tantam
437 718 726 803 investigationem,
752 719 836 782 ultra
861 719 942 784 vires
967 719 1179 796 humerorum,

78 830 325 916 susceperimus,
348 830 430 896 laeva
452 829 588 915 quadem
612 829 803 894 titubatione
831 830 951 914 grande
979 830 1039 894 hoo
1064 853 1179 895 munus

24 1011 25 1014 ,
80 941 120 1008 in
143 941 318 1006 ludibrium
342 947 512 1006 vertamus.
556 941 643 1006 Illud
666 963 743 1026 ergo
764 947 892 1006 tantum
908 942 977 1027 jam
996 939 1087 1006 nobis
1106 964 1179 1026 pro·

79 1052 257 1136 posuimus,
272 1051 410 1138 primum
430 1058 468 1117 ut
485 1052 613 1117 scenicae
631 1052 732 1136 poesis
753 1052 876 1117 Latinae
895 1051 1050 1137 principes
1071 1052 1180 1118 ordine

24 1219 25 1226 ,
80 1163 229 1248 quamvis
242 1163 381 1228 breviter
394 1163 592 1248 aspicimur,
607 1163 719 1228 deinde
732 1168 771 1228 ut
787 1168 984 1248 posterorum
999 1163 1180 1248 opinionem

81 1273 123 1339 de
146 1273 186 1338 iis
212 1274 509 1354 animadvertamus,
529 1274 662 1360 denique
684 1281 727 1339 ut·
741 1274 897 1360 judicium
919 1274 1046 1360 aliquod
1067 1297 1106 1340 ex
1129 1274 1180 1340 his

79 1386 230 1452 omuibus
251 1385 342 1452 nobie
363 1385 424 1470 ipsi
443 1409 674 1471 componamus.
719 1387 764 1451 Et
782 1387 817 1451 in
836 1385 1035 1452 incunabulis
1051 1385 1179 1470 quidem

79 1497 161 1562 artis
182 1497 311 1564 scenice
333 1498 479 1563 nolumus
500 1498 613 1562 morari
623 1523 633 1576 3
661 1498 776 1583 quippe
797 1520 862 1562 non
881 1497 1049 1564 vetustatis
1069 1497 1178 1582 hujus·

81 1609 171 1674 modi
192 1609 331 1694 reliquiis
353 1631 431 1694 opus
451 1607 611 1688 debemus,
626 1608 681 1674 sed
701 1610 773 1695 ipsi,
788 1609 946 1695 quantulae
968 1613 1044 1673 sunt
1065 1613 1179 1672 nostra

81 1719 179 1798 vires,
201 1719 416 1786 Romunomm
437 1720 532 1804 poesi
1053 1709 1060 1722 ’

129 1830 192 1894 VI.
215 1831 348 1896 Constat
372 1853 448 1916 ergo
476 1832 615 1916 primum
641 1833 794 1911 omnium,
819 1833 1004 1917 ambiguam
1032 1831 1179 1897 babuisse

87 1941 197 2006 Βοωω
222 1943 377 2028 originem
401 1965 468 2008 rem
490 1943 705 2023 dramaticum,
727 1943 822 2010 aliam
846 1967 958 2030 nempe
982 1943 1178 2030 indigenam,

85 2053 183 2118 aliam
204 2053 321 2118 Grecis
341 2054 490 2120 debitam.
544 2055 710 2120 'lbaditum
730 2055 816 2120 enim
840 2061 889 2121 est
914 2055 1081 2135 memoriae,
1103 2077 1178 2119 auo·

84 2169 155 2230 tore
178 2163 250 2232 Tito
275 2165 378 2246 Livio,
405 2168 448 2232 A.
459 2167 502 2232 U.
515 2167 551 2232 C.
575 2187 650 2254 393,
672 2166 852 2252 pestilentia
877 2167 986 2232 Romae
1011 2167 1177 2251 flagrante,

85 2277 178 2344 victis
196 2277 417 2363 superstitione
434 2279 599 2344 hominnm
613 2278 737 2357 animis,
752 2278 842 2343 ludos
861 2278 998 2343 scenicos
1015 2301 1082 2344 esse
1096 2277 1176 2342 cele-

84 2388 201 2468 bratos,
222 2393 256 2454 et
276 2388 420 2455 ludiones
441 2411 480 2454 ex
501 2389 630 2454 Etruria
649 2389 775 2456 accitos.
825 2375 908 2456 'Qua
928 2411 1003 2462 eane
1023 2387 1178 2474 principia

83 2500 204 2566 abusu
224 2501 346 2566 scenico
371 2501 487 2566 mirum
511 2507 666 2586 qnantum
688 2501 859 2566 distabunt.
913 2499 1046 2566 Nullam
1067 2522 1177 2566 vocem

84 2609 167 2676 inter
187 2611 388 2678 saltationem
409 2612 608 2691 emittebant,
630 2612 789 2678 saltabant
808 2615 937 2677 tantum
958 2633 1044 2678 more
1063 2611 1174 2678 Tuscu

87 2719 179 2786 Quod
213 2723 349 2788 odlandi
386 2745 489 2809 genus
519 2725 672 2810 juventus
707 2723 843 2802 imitata,
874 2745 988 2808 nempe
1021 2723 1174 2801 Romana,

85 2831 250 2900 inconditis
279 2834 374 2900 simul
398 2834 589 2900 carminibus
614 2857 680 2900 sese
705 2834 841 2900 invicem
865 2835 1025 2919 petebant
1079 2833 1175 2899 Unde

85 2945 170 3010 veuit
194 2952 232 3010 ut
259 2947 300 3010 ab
325 2947 455 3012 Etruria
479 2946 620 3012 derivata
647 2947 771 3033 asylum
796 2947 904 3011 Roma
932 2951 1027 3012 necta
1053 2946 1097 3011 sit
1125 2967 1174 3010 res

83 3055 210 3136 ludicra,
231 3057 330 3122 etiam
354 3057 461 3122 fabula
481 3058 585 3124 verbis
610 3081 763 3143 expressa,
785 3081 848 3143 qna
869 3063 963 3124 antea
984 3057 1119 3137 carebat,
1141 3079 1174 3122 se

86 3165 229 3234 induerit.
285 3168 397 3234 Idvius
419 3169 531 3235 deinde
551 3169 761 3249 Andronicus,
783 3193 801 3234 a
822 3170 958 3235 'Parente
980 3169 1115 3233 Romam
1137 3168 1174 3234 in

85 3279 266 3345 servitutem
297 3281 437 3360 abactus,
466 3281 589 3348 fabulas
625 3281 745 3366 primns
780 3284 968 3366 argumento
1005 3279 1203 3360 conseruit·

86 3389 158 3474 ipse,
186 3391 272 3476 quod
299 3397 371 3458 tum
399 3393 550 3478 temporis
579 3392 684 3472 fiebat,
714 3415 842 3458 suornm
871 3391 1046 3457 carminum
1074 3397 1170 3456 actor.

87 3499 144 3566 Cui
166 3524 241 3567 sane
263 3503 386 3569 bomini
407 3503 509 3588 poesis
534 3503 662 3570 scenica
683 3505 772 3589 origo
795 3509 844 3570 eet
864 3503 1035 3582 referenda,
1057 3503 1172 3588 utqui

86 3611 171 3698 stirpi
192 3612 239 3678 illi
259 3614 408 3700 autiquae,
427 3614 540 3680 fabulae
561 3638 673 3701 nempe
694 3620 876 3700 personata,
892 3616 1024 3696 Satur-e,
1040 3615 1171 3680 Fescen-

86 3723 163 3790 ninis
182 3725 335 3806 versibus,
356 3749 466 3792 verum
487 3725 620 3792 inseruit
641 3731 883 3812 argumentum
913 3750 981 3813 quae
1006 3731 1115 3813 postea
1135 3725 1170 3792 in

88 3835 189 3904 Gracc
209 3837 317 3904 omnia
336 3839 496 3920 exuberat,

272 3981 288 4004 ⁸⁴
300 3975 460 4024 Minturnae
476 3993 554 4024 novas
569 3976 669 4024 frondea
686 3981 713 4024 et
729 3993 778 4024 non
794 3993 840 4024 sna
856 3979 954 4024 noma''
