2686 4126
160 1 174 12 ‘'
209 1 265 85 16·
428 11 487 88 De
503 13 661 108 Scectca
678 14 791 90 Poecc'
807 17 1072 90 Rauracorum.

202 211 254 289 ,ita
274 211 431 276 excultam
452 218 490 277 ut
511 234 603 279 nemo
625 213 689 280 fere
712 236 820 280 eorum
841 215 896 300 qui
920 214 955 278 in
977 215 1097 278 litteris
1127 213 1253 278 emine

208 305 337 387 manum
359 324 398 388 ab
421 347 457 388 ea
481 323 678 389 abstinuerit.
723 325 825 410 Atqui
846 326 961 411 populo
982 325 1037 390 vix
1062 325 1155 391 dum
1181 347 1253 388 ma

207 433 338 500 florebat
358 436 496 500 multum
517 437 647 521 placuit,
661 437 841 521 fragmenta
859 443 987 502 tantum
1006 437 1155 522 posteris
1180 437 1253 501 reli

206 551 278 611 tum
299 569 364 612 non
389 547 482 612 modo
507 570 572 612 non
593 549 826 614 venerationem
848 571 959 614 verum
984 570 1067 634 agre
1090 549 1253 614 venerati

206 657 351 722 umbram
372 659 433 724 sibi
452 659 536 724 inter
555 659 679 725 criticos
699 661 885 726 recentiores
905 660 1089 726 vindicavit.
1143 661 1253 744 Cujus

207 791 301 834 causa
314 775 370 835 aut
383 771 417 834 in
431 770 540 855 populi
558 769 696 836 moribus
715 775 748 836 ct
767 772 895 856 ingenio
914 772 1011 837 lateat
1027 794 1164 837 necesse
1185 777 1253 850 est,

206 879 242 943 in
267 881 344 945 artis
367 881 465 968 ipsius
488 882 653 967 augustiis,
677 887 743 961 aut,
768 883 851 967 quod
875 883 1008 968 denique
1033 883 1104 948 fieri
1129 883 1253 968 potuit

206 990 380 1058 infortunio
395 998 584 1078 temporum.
627 995 672 1058 Et
686 995 725 1058 de
739 994 867 1079 ingenio
882 995 1010 1080 quidem
1023 995 1253 1080 periculosum

207 1105 356 1188 augurari
378 1105 490 1184 multa,
511 1127 590 1190 saepe
612 1105 698 1170 enim
718 1107 847 1170 fortuna
868 1129 972 1172 rerum
992 1107 1168 1191 ingenium
1190 1106 1253 1190 gig

207 1220 264 1278 aut
277 1221 405 1299 partum
421 1216 548 1281 omnino
568 1216 603 1281 in
621 1217 751 1282 alteram
770 1223 893 1302 partem
907 1218 1014 1282 vertit.
1059 1217 1127 1282 Sed
1150 1221 1253 1302 quant

206 1327 316 1410 populi
336 1327 472 1392 Romani
490 1327 629 1393 indolem
646 1328 866 1413 intelligimus,
881 1352 986 1394 nonne
1007 1329 1132 1414 opinari
1155 1329 1253 1394 deber

206 1437 241 1501 in
262 1439 321 1502 hac
340 1439 541 1523 potissimum
565 1440 753 1505 imitationis
774 1445 873 1525 parte,
895 1442 961 1506 fore
983 1441 1201 1506 excellentes?
1241 1439 1253 1504 ]

206 1549 292 1614 enim
305 1551 458 1635 gravitati
471 1574 566 1636 quam
579 1551 614 1616 in
627 1551 767 1617 moribus
779 1553 992 1618 Romanorum
1002 1576 1099 1638 prope
1114 1553 1253 1618 immens

207 1662 375 1741 cernimus,
390 1668 634 1728 consentaneum
654 1669 702 1728 est
722 1664 749 1728 si
769 1664 846 1749 quid
865 1664 951 1728 aliud
970 1664 1081 1748 magni
1098 1664 1162 1728 viri
1181 1685 1253 1747 spec

207 1774 314 1838 culum
335 1779 445 1839 contra
464 1774 637 1839 infortunia
657 1774 785 1840 brachia
805 1776 956 1856 tollentis,
978 1777 1012 1841 id
1037 1777 1122 1861 quod
1146 1781 1253 1860 tragos

207 1885 344 1950 maxime
372 1886 508 1950 affectat.
567 1886 687 1950 Contra
715 1892 869 1970 quantum
897 1888 982 1974 apud
1014 1910 1066 1954 eos
1100 1910 1149 1952 res
1182 1909 1253 1952 com

207 1997 309 2061 valere
338 1996 459 2076 debeat,
484 1997 524 2061 ab
555 1997 683 2062 Horatii
711 1999 852 2084 exemplo
882 1999 993 2064 deduci
1019 2005 1132 2084 potest.
1193 1999 1253 2064 Qua

206 2108 302 2173 vivax
316 2107 452 2173 hominis
467 2108 502 2173 in
516 2110 634 2174 comico
649 2132 791 2176 sermone
805 2111 928 2196 gratial
951 2134 1045 2197 quam
1059 2111 1126 2176 leve
1144 2111 1253 2176 scintill

206 2219 314 2284 lumen
335 2220 476 2304 ingeniil
510 2243 604 2306 quam
625 2243 697 2286 vere
720 2221 892 2286 dramatica
916 2224 954 2286 fit
979 2223 1018 2286 de
1040 2222 1151 2288 itinero
1175 2246 1230 2288 suo
1252 2255 1253 2286 l

208 2331 413 2396 Brundisium
437 2339 591 2418 suscepto,
613 2339 670 2397 aut
691 2333 730 2397 de
751 2333 893 2398 muribus
914 2356 978 2398 una
999 2334 1198 2413 ooenautibus,
1219 2357 1253 2400 na

207 2443 308 2508 ratiol
348 2443 405 2506 Sin
430 2443 466 2507 in
490 2444 592 2529 ipsam
620 2443 784 2508 historiam
813 2445 1000 2529 indagemus
1029 2445 1112 2510 idem
1135 2445 1253 2512 videbit

207 2555 340 2618 evenire.
384 2555 421 2618 Τ.
437 2555 548 2620 Livius
562 2561 681 2642 quanta
695 2555 853 2640 gravitate
867 2560 941 2620 ante
956 2556 1061 2621 oculos
1074 2557 1159 2642 ponit
1177 2580 1253 2642 regu

207 2689 364 2750 personas,
386 2667 597 2747 tribunorum,
619 2667 801 2748 consulum,
832 2690 928 2753 quam
948 2667 1068 2733 facetus
1088 2669 1165 2734 idem
1185 2675 1253 2734 est<

207 2780 307 2843 salsus
322 2783 355 2844 et
368 2784 406 2843 ut
420 2779 467 2843 ita
481 2779 583 2844 dicam
601 2779 736 2844 comicus
756 2779 790 2843 in
810 2778 1004 2858 cerimoniis,
1019 2779 1179 2865 colloquiis,
1193 2781 1253 2848 fact

210 2891 312 2956 obiter
332 2890 479 2956 ridendis.
526 2891 634 2956 Tacito
656 2914 748 2956 nemo
770 2897 819 2956 est
840 2891 943 2976 magis
965 2914 1037 2957 vere
1057 2893 1195 2978 tragicus,
1215 2893 1253 2957 siv

207 3025 308 3068 mores
337 3003 502 3066 hominum
531 3002 690 3082 describit,
716 3002 781 3067 sive
806 3003 939 3068 fortunae
968 3009 1105 3068 eventus.
1154 3004 1184 3068 Is
1205 3027 1253 3068 ver

207 3114 341 3200 populus
362 3113 416 3198 qui
438 3114 550 3179 horum
572 3113 668 3178 libros
689 3113 866 3200 intelligere
888 3120 1012 3200 poterat
1033 3121 1066 3180 et
1084 3117 1253 3200 comprobare

207 3247 227 3289 a
240 3225 328 3289 nulla
342 3224 475 3290 debebat
488 3231 577 3310 parte
591 3225 755 3291 abhorrere
770 3227 897 3292 scenicae
911 3227 1022 3311 poesis.

251 3337 325 3402 XV.
350 3337 511 3402 Sedenim
526 3337 594 3402 duae
608 3338 870 3418 interveniebant,
886 3339 1005 3423 opinor,
1020 3361 1122 3419 causae,
1134 3345 1214 3425 atque
1227 3357 1253 3406 ea

208 3449 410 3536 gravissimae.
454 3449 596 3514 Primum
618 3450 703 3514 enim
724 3451 857 3535 populus
878 3451 1050 3530 Romanus,
1065 3452 1139 3516 rudis
1157 3457 1253 3536 natura,

207 3561 294 3626 rudis
317 3562 414 3626 etiam
439 3561 591 3646 magistro
618 3563 749 3643 Catone,
775 3585 794 3626 a
818 3562 994 3628 subtilitate
1020 3585 1131 3628 morum
1152 3587 1210 3649 qua
1229 3565 1253 3630 ir

209 3674 319 3739 Graeca
337 3675 502 3740 exhibetur
521 3696 613 3740 scena
633 3674 747 3738 mirum
766 3679 920 3760 quantum
940 3675 1138 3740 abhorruerat.
1175 3676 1253 3741 Quia.

209 3787 285 3872 quid
299 3809 371 3852 vero
386 3788 420 3850 in
434 3787 609 3852 eruditione
622 3787 820 3872 profecerunt
834 3792 866 3850 et
881 3787 920 3850 ad
931 3792 1068 3852 veterem
1080 3787 1151 3852 illam
1162 3789 1253 3872 asperi*

207 3904 308 3965 tatem
323 3899 506 3978 exuendam,
521 3898 555 3962 id
572 3920 627 3982 per
642 3898 727 3982 leges
741 3897 952 3978 derivabatur,
966 3921 1022 3982 per
1036 3921 1142 3963 morum
1160 3899 1253 3962 severi-¹

459 4011 540 4044 ...An
562 4011 757 4044 ...adm-...m
772 4009 918 4044 ..hau-ld...
939 4033 1000 4044 a...
1030 4011 1102 4044 m...]
1118 4011 1143 4044 ἔ..
1157 4010 1253 4044 simnia*
