2686 4126
92 867 199 1032 'nn
239 913 490 1026 scurror
532 913 709 1026 rous
747 915 1148 1026 nonluonon.

352 1286 391 1361 ὡς
407 1285 498 1367 μνεία
514 1285 702 1356 torchiis-ou
717 1287 928 1385 μονοημὲρου.

136 1594 163 1659 Ι.
187 1594 341 1658 Omnes
364 1592 418 1678 qui
443 1593 479 1658 in
506 1593 707 1679 antiquarum
735 1593 914 1659 litterarum
938 1593 1183 1679 investigatione

92 1710 268 1784 versentur,
292 1709 325 1770 et
348 1727 456 1769 earum
478 1705 561 1790 parti
590 1705 683 1770 alicui
709 1728 834 1790 operam
861 1705 1015 1786 dederint,
1036 1707 1092 1770 illa
1113 1707 1184 1792 lege

89 1818 229 1902 quadam
251 1817 329 1880 dura
354 1821 386 1881 et
411 1817 500 1901 quasi
525 1817 565 1881 ab
594 1817 662 1901 ipss
690 1823 804 1881 natura
828 1817 949 1902 imponi
974 1818 1099 1883 videtur
1127 1841 1182 1884 ne-

92 1929 232 2006 cessitas,
247 1931 284 1990 ut
304 1927 465 2011 utriusque
481 1927 609 2012 lingua,
626 1927 740 1991 Graecae
762 1927 881 1994 sufficet
902 1933 935 1993 et
954 1929 1091 2008 Latinae‚
1109 1933 1184 1996 ante

93 2039 199 2104 oculos
224 2059 287 2102 una
313 2037 450 2102 habeant
475 2038 650 2122 scriptores,
677 2044 709 2102 et
737 2039 855 2118 eadem,
878 2039 963 2124 quod
986 2039 1106 2119 dicunt,
1130 2063 1183 2105 ex-

94 2149 237 2214 aminent
257 2149 389 2214 trutina.
433 2149 477 2214 Et
502 2149 535 2212 in
559 2148 668 2213 multis
691 2149 819 2233 quidem
842 2151 996 2216 scribendi
1017 2151 1184 2237 generibus

94 2262 184 2326 abest
206 2261 334 2326 omnino
357 2285 376 2326 a
400 2261 631 2346 comparatione
656 2260 793 2340 invidia3
825 2260 940 2347 quippe
967 2262 1014 2326 ita
1043 2263 1184 2348 utrisque

92 2374 297 2459 scriptoribus
318 2395 375 2438 sua
396 2379 520 2438 constat
540 2373 618 2453 laus,
634 2377 690 2438 aut
711 2371 891 2438 inveniendi
908 2379 1002 2453 artes,
1017 2379 1073 2438 aut
1091 2375 1183 2460 perfi-

94 2483 196 2551 ciendi
221 2489 304 2550 certe
332 2490 427 2572 atque
449 2485 645 2564 emendandi,
669 2491 706 2550 ut
731 2485 875 2550 nonnulli
895 2484 978 2550 inter
999 2487 1184 2552 recentiores

93 2597 229 2664 inveniri
252 2597 374 2682 possint
397 2597 451 2683 qui
476 2597 615 2661 Tullium
639 2596 846 2662 Demostheni
872 2619 937 2662 non
962 2597 1077 2683 injuria
1098 2620 1183 2662 oom-

96 2710 196 2794 parari
221 2713 378 2788 censeant,
402 2708 455 2773 alii
478 2709 534 2794 qui
552 2708 730 2794 Thucydidi
751 2708 907 2786 Tacitum,
930 2708 1026 2774 etiam
1048 2731 1130 2774 unus
1151 2718 1185 2776 et

97 2819 174 2884 alter
195 2820 249 2906 qui
274 2819 413 2884 Homero
433 2820 616 2905 Virgilium.
662 2820 762 2884 Scene
787 2825 905 2899 autem,
923 2825 1078 2904 qrmtenus
1100 2826 1185 2888 certe

64 2968 79 3024 Ι
98 2937 289 3014 posterorum
303 2930 541 2996 delectationem
558 2931 695 3016 respicit,
710 2935 780 2996 tota
794 2930 974 2996 Graeoorum
992 2936 1185 3017 est-neque

97 3041 181 3106 enim
202 3045 303 3128 justo,
326 3065 432 3106 coram
456 3042 547 3106 nobis
571 3042 771 3128 potissimum
787 3042 957 3128 jndicibus,
982 3043 1185 3108 contenditur

97 3159 298 3220 sacramento.
343 3153 484 3218 Primum
499 3153 584 3218 enim
601 3176 709 3218 eorum
729 3155 784 3239 qui
803 3155 838 3217 in
855 3176 954 3219 soenes
968 3177 1061 3218 usum
1076 3155 1184 3219 Romae

97 3265 297 3351 scripserunt,
311 3287 366 3330 scu
385 3265 554 3350 tragoedins
576 3287 631 3330 seu
648 3266 824 3344 comedim,
839 3289 935 3350 quam
953 3288 1058 3350 pauca
1073 3271 1185 3331 extant

98 3377 243 3462 reliquis,
265 3399 360 3460 quam
381 3377 521 3462 indignis
539 3399 617 3462 quas
638 3400 711 3442 cum
732 3378 857 3462 magnis
880 3377 1059 3442 Graecorum
1083 3377 1183 3460 operi·

98 3487 165 3565 bus,
177 3487 332 3572 AEschyli,
343 3487 515 3572 Sophoclis,
527 3487 697 3573 Euripidis,
707 3487 936 3573 Aristophanis,
951 3510 1183 3572 comparemus3

99 3597 136 3662 de
157 3597 270 3683 quibus
292 3598 319 3662 si
340 3598 416 3682 quid
438 3605 562 3684 tempus
584 3599 757 3685 prmdatum
776 3603 836 3677 est,
850 3600 986 3683 pretium
1007 3600 1136 3680 catoris,
1151 3600 1185 3665 id

100 3710 180 3796 quod
202 3709 236 3774 in
257 3709 385 3794 Sibylla
407 3709 495 3774 libris
519 3710 637 3776 factum
663 3710 820 3776 memoris
843 3711 996 3789 traditum
1018 3717 1077 3794 est,
1099 3712 1185 3778 haud

101 3821 190 3888 dubie
209 3821 381 3908 arrogavit.
425 3822 554 3886 Etenim
576 3823 602 3888 si
625 3823 838 3908 tragoedorum
854 3823 1129 3910 latinorumque
1151 3824 1184 3888 in

103 3935 243 3996 manibus
268 3933 419 3996 habemus
448 3933 638 3996 fracmenta.
664 3935 788 3996 Senecas
816 3941 943 3996 tantum
973 3936 1092 3996 ratione
1122 3959 1184 3996 non
