2686 4126
178 167 262 250 quod
282 167 462 234 Alexander
483 169 577 234 armis
599 170 853 254 aggrediebatur,
875 176 911 234 nt
933 191 1133 235 communes
1163 169 1262 233 effic<

178 279 278 344 totius
303 281 409 364 gentis
434 282 579 347 humanae
604 283 740 348 rationes
766 283 850 363 vitae,
876 283 910 347 id
939 282 1090 348 civilibus
1129 281 1259 345 armis

179 391 339 458 litterariis
373 395 536 459 Terentius
570 395 654 480 iique
689 395 804 480 quibus
839 417 872 460 se
905 395 971 479 ipse
1006 393 1215 472 addixerat,

179 505 281 571 denuo
322 507 489 586 faciebant,
529 513 585 572 aut
624 509 744 573 facturn
783 509 1078 594 persequebantur„
1133 504 1262 572 Quom*

179 617 361 681 Terentium
390 640 455 682 non
483 618 585 682 solum
614 619 698 702 quod
729 618 819 684 nobis
853 619 950 684 risum
980 622 1118 682 moveat
1154 615 1262 680 admi

179 752 261 808 mur,
290 752 391 814 neque
421 730 505 815 quod
540 731 765 815 elegantiorem
794 737 888 816 atque
924 730 1167 795 accuratiorem
1203 752 1262 813 qu:

179 841 259 905 alius
283 841 459 926 quicunque
481 841 625 926 linguam
653 841 788 926 patriam
813 841 955 920 ediderit,
981 841 1036 905 sed
1066 840 1192 924 potius
1230 861 1262 922 qr

179 951 340 1036 proprium
376 951 482 1028 habet,
511 952 654 1036 quamvis
687 953 817 1017 callidus
846 953 988 1018 imitator
1018 952 1238 1028 Graecorum,

180 1069 249 1129 tota
268 1087 301 1128 re
324 1063 477 1128 litteraria
498 1063 611 1128 locum.
657 1064 699 1128 In
717 1064 849 1129 Afranio
870 1064 925 1129 vix
946 1063 1066 1148 aliquid
1091 1062 1262 1126 haberem

180 1174 503 1254 animadvertendum,
525 1174 587 1238 nisi
608 1175 729 1240 fabulas
755 1175 910 1240 docuisset
932 1178 1070 1258 togatae,
1097 1173 1262 1237 Romanu

181 1308 294 1370 nempe
315 1285 456 1363 titulum,
480 1285 658 1350 Romanum
680 1287 814 1350 colorem
835 1309 899 1370 pree
920 1308 952 1350 se
973 1285 1125 1350 ferentes.
1179 1283 1262 1348 Qun

182 1423 255 1464 vero
281 1400 377 1464 etiam
402 1399 436 1462 in
461 1399 510 1462 his
536 1400 674 1463 multum
698 1399 798 1464 inesse
820 1400 965 1464 videatur
990 1399 1075 1483 quod
1100 1399 1262 1462 Menanu

183 1511 324 1580 debuerit
343 1516 446 1596 poeta,
460 1534 525 1577 non
544 1511 674 1576 eandem
692 1512 817 1590 meruit,
836 1515 874 1575 ut
894 1512 1013 1596 opinor,
1031 1511 1165 1575 laudem
1189 1533 1262 1594 quai

181 1623 375 1710 praetextatis
389 1623 529 1687 Naevius.

226 1735 325 1799 XIII.
349 1735 423 1798 Jam
437 1757 521 1813 vero,
536 1740 608 1818 post
625 1734 818 1798 exstinctum
835 1734 942 1798 lumen
963 1734 1077 1798 horum
1101 1737 1262 1817 poetarun

183 1869 275 1912 nemo
291 1851 431 1930 superest
445 1868 538 1929 quem
557 1869 774 1925 memoremus,
790 1851 845 1910 aut
862 1847 895 1909 in
910 1845 1064 1930 tragoedia
1083 1843 1262 1909 eminenter

184 1963 240 2022 aut
269 1957 304 2020 in
332 1957 491 2021 comoedia.
544 1957 658 2022 Restat
687 1962 725 2021 ut
754 1981 862 2022 eorum
896 1956 1083 2041 scriptorum
1116 1956 1181 2041 qui,
1212 1956 1262 2020 siu

184 2074 294 2152 poetae,
310 2067 375 2133 sive
389 2067 500 2147 critici,
515 2069 561 2134 rei
579 2069 739 2134 litterariae
761 2093 793 2134 se
812 2069 921 2134 Romae
941 2068 1083 2133 dederint
1102 2068 1262 2134 sententia

185 2179 223 2244 de
239 2179 417 2264 hujusmodi
436 2179 523 2264 poesi
539 2180 761 2247 examinemus.
805 2182 850 2244 Et
864 2188 928 2245 tres
948 2186 1023 2245 sunt
1038 2202 1114 2264 quos
1129 2179 1262 2250 omnibu:

186 2291 254 2355 aliis
271 2292 343 2376 jure
365 2291 595 2376 anteponimus,
614 2291 805 2370 Ciceronem,
829 2291 1011 2372 Horatium,
1031 2290 1262 2356 Quintilianum.

186 2403 228 2467 In
258 2403 405 2468 Cicerone
434 2402 561 2488 quidem
593 2403 710 2468 multas
746 2403 897 2468 habemus
933 2407 1077 2467 veterum
1109 2406 1262 2486 poetarum

187 2515 306 2594 laudes,
335 2515 437 2578 multa
462 2518 649 2599 argumenta
678 2537 733 2578 eur
761 2515 942 2599 legerentur
971 2513 1091 2598 sapius,
1115 2517 1146 2578 et
1171 2518 1262 2576 retra-

187 2627 337 2692 herentur
364 2627 400 2690 in
428 2626 587 2690 honorem.
641 2625 742 2711 Atqui
771 2649 878 2692 vereor
906 2632 944 2690 ut
973 2649 1081 2692 verum
1108 2625 1147 2689 sit
1173 2629 1262 2708 atque

187 2739 355 2804 honestum
384 2739 450 2824 ejus
479 2761 554 2822 erga
582 2761 648 2802 rem
678 2737 832 2802 scenicam
857 2737 1006 2802 studium.
1059 2737 1157 2802 Quum
1180 2735 1259 2800 enim

188 2851 247 2914 hoc
267 2849 420 2926 enuntiet,
436 2849 572 2912 fabulam
594 2849 719 2927 Latine,
738 2871 810 2914 cum
833 2849 999 2934 quantovis
1021 2848 1133 2933 ingenii
1152 2847 1256 2912 damno

188 2960 354 3039 redditam,
383 2960 454 3044 ipsi,
484 2960 567 3045 quod
595 2966 689 3044 poeta
718 2961 824 3026 Graeee
853 2961 963 3040 edidit,
993 2961 1077 3045 operi
1102 2981 1158 3024 esse
1182 2982 1253 3042 prae-

188 3071 359 3151 ferendam,
385 3072 485 3137 fateor
511 3093 561 3136 me
590 3073 718 3138 omnino
748 3097 811 3138 non
841 3074 964 3138 credere
987 3072 1047 3138 tali
1069 3094 1131 3136 eum
1151 3070 1251 3136 fabulae

189 3185 224 3248 in
238 3207 331 3248 scena
344 3180 714 3268 representatae'unquam
728 3185 915 3250 interfuisse.
957 3185 1059 3248 Facile
1073 3188 1129 3248 erat
1140 3183 1248 3247 laudare

189 3302 227 3360 ut
248 3295 416 3380 philologis
437 3295 644 3380 profuturam,
664 3296 759 3361 etiarn
779 3302 817 3360 ut
836 3297 1000 3361 sententiis
1018 3297 1151 3380 repletam
1165 3299 1245 3378 atque

190 3407 280 3472 bonis
296 3407 443 3486 consiliis,
458 3411 558 3471 artem
573 3407 602 3470 ei
616 3408 785 3472 attribuere
801 3408 917 3473 Graeeis
938 3408 1078 3493 operibus
1090 3411 1242 3490 comparata

190 3540 358 3602 puerorum
382 3518 507 3582 videtur
532 3541 607 3582 esse.
652 3519 760 3584 Etiam
785 3543 883 3604 quum
906 3520 941 3583 in
965 3519 1084 3603 dialogo
1105 3539 1180 3602 quern
1198 3517 1239 3581 De

191 3628 344 3693 Amicitia
365 3629 560 3714 conseripsit,
575 3630 612 3694 C.
629 3631 748 3696 Laelius
763 3631 893 3697 Pacuvii
911 3630 1050 3696 fabulam
1067 3634 1189 3694 memorat
1205 3629 1236 3692 de

200 3739 314 3806 1100010
337 3745 370 3805 00
393 3741 520 3826 Pyladis
546 3765 649 3808 amore
674 3743 802 3822 saetam,
826 3743 934 3829 adjicit
960 3746 1101 3808 “stantes
1119 3741 1233 3826 plaudere

216 3877 226 3916 1
245 3876 278 3916 re
297 3853 405 3929 fiota‚''
425 3877 489 3918 non
508 3855 573 3919 haec
595 3855 705 3940 opinor
724 3855 819 3920 verba
840 3877 905 3920 esse
924 3854 1059 3919 hominis
1077 3853 1231 3938 quiscerem

216 3990 259 4028 100
281 3967 393 4028 soleret
412 3967 538 4028 intueri.
557 3967 611 4028 sed
630 3967 714 4028 illins
735 3966 840 4028 notius
862 3967 926 4028 nui.
949 3967 983 4028 in
1006 3965 1089 4028 rebus
1107 3962 1230 4028 litterariis
1261 3977 1262 4027 ἕ
