2686 4126
112 182 253 268 quadam
274 183 458 252 incitatione
479 186 680 272 gravitatis.'’
723 185 914 252 Animosum
935 188 1031 251 etiem
1052 190 1086 250 et
1106 205 1209 249 acrem

114 293 272 360 Horatius
286 295 413 362 vocavit
429 301 463 362 et
478 296 704 363 Quintilianus.
748 298 780 362 A
794 319 856 384 quo
869 296 989 384 judicio
1008 295 1061 361 ille
1080 294 1210 360 minime

113 411 168 472 est
182 406 377 474 dissensuros
393 408 447 493 qui
463 409 573 475 Graeoa
586 409 775 495 exemplaria
790 409 922 494 aspiciat
936 431 1004 495 qua
1019 407 1080 473 sibi
1094 407 1210 472 Accius

113 520 322 604 proponebat.
366 521 518 607 AEschylo
540 521 658 586 scilieet
679 521 714 586 in
735 520 888 607 plenisque
902 519 1022 600 fabulis,
1035 539 1068 583 se
1088 539 1210 582 accom-

113 631 271 710 modavit,
292 631 329 696 in
351 633 511 698 nonnullis
534 633 701 718 Sophocli3
725 633 909 718 Euripidem
930 654 995 697 non
1015 651 1141 716 prorsus
1162 649 1210 693 re-

113 741 273 828 pudiavit,
295 743 410 809 maluit
430 749 538 810 tamen
560 745 750 832 antiquiores
772 745 860 811 duos.
906 743 1001 810 Quod
1024 743 1116 829 gravi
1137 743 1210 822 fuit,

114 859 157 918 ut
177 855 298 940 opinor,
320 855 456 941 dignum
476 857 616 943 ingenio,
638 863 671 922 et
692 858 767 938 acri,
790 863 824 923 et
846 857 955 923 nobili.
1000 856 1064 922 Res
1088 855 1156 940 ipsa
1176 855 1212 920 in

114 967 223 1032 titulis
251 967 429 1034 fabularum
457 978 506 1036 est
541 971 685 1056 legenda,
714 973 749 1034 in
784 969 898 1056 quibus
927 973 1011 1034 certe
1040 973 1074 1033 et
1098 967 1212 1033 fabulae

115 1079 258 1144 Oresteae
291 1080 541 1164 recognoscimus
576 1082 713 1166 vestigia
746 1087 779 1146 et
808 1079 997 1146 Promethei.
1050 1079 1125 1144 'fres
1159 1099 1210 1143 ac·

115 1189 259 1274 cepimus
280 1191 320 1255 eb
342 1213 379 1256 eo
401 1197 615 1276 praetcxtatas,
637 1192 794 1257 AEneadas
820 1211 875 1256 seu
895 1190 1040 1269 Decium,
1062 1189 1211 1268 Brutum,

116 1300 274 1365 Cassium.
318 1302 511 1387 Fragmenta
534 1309 663 1369 tantum
686 1308 822 1381 entant,
842 1307 937 1388 atque
961 1301 1087 1366 utinam
1108 1307 1213 1366 essent

115 1411 288 1497 ampliora!

162 1521 242 1588 XII.
266 1522 341 1588 Tres
362 1523 513 1588 habemus
535 1524 580 1588 rei
602 1523 727 1589 comicae
747 1522 914 1609 principes,
935 1521 1097 1599 Plautum,
1115 1519 1211 1585 Caci·

115 1631 198 1696 lium
219 1633 369 1712 Statium,
387 1634 579 1700 Terentium.
624 1633 689 1700 Grai
709 1656 817 1700 omnes
838 1634 879 1700 ad
899 1655 1016 1698 novam
1036 1631 1212 1696 Athenien·

116 1741 201 1808 sium
223 1743 408 1808 oomoediam
427 1766 460 1808 se
478 1744 691 1829 applicabant,
709 1749 742 1810 et
759 1743 928 1810 Menandri
947 1748 1004 1808 aut
1021 1741 1213 1808 Philemonis

117 1854 165 1920 iu
185 1877 279 1940 opera
299 1855 492 1922 adhibebant
517 1860 556 1921 ut
580 1856 706 1922 eosdem
727 1856 840 1922 titulos
865 1855 980 1920 fabulis
1004 1853 1212 1938 praefigerent.

119 1965 165 2030 Et
186 1965 304 2030 Caecilii
325 1966 462 2052 quidem,
484 1989 675 2052 quemquam
696 1967 786 2032 nobis
807 1989 863 2052 per
884 1967 1063 2052 fragmenta
1084 1970 1213 2030 tantm

119 2077 154 2142 in
175 2101 288 2142 manus
307 2079 407 2158 venit,
426 2079 562 2164 asperior
583 2080 650 2144 sinc
671 2079 767 2144 dubio
788 2083 856 2144 erat
881 2101 992 2158 sermo,
1016 2084 1049 2142 et
1071 2076 1213 2162 gravitas

119 2191 261 2276 quaedam
289 2190 344 2255 vix
372 2213 392 2256 a
419 2191 596 2257 rusticitate
623 2195 749 2278 poterat
777 2190 941 2275 distingui.
995 2189 1122 2275 Reliqui
1150 2189 1212 2255 duo

118 2324 212 2387 opera
229 2303 355 2387 integra
373 2303 575 2389 reliquerunt,
595 2303 698 2368 multa
718 2301 852 2388 legenda
872 2301 1088 2380 delectatione,
1110 2301 1212 2366 multo

118 2413 234 2480 fructu.
288 2413 448 2498 Magnum
475 2413 559 2479 inter
585 2417 755 2498 utrumque
784 2412 970 2492 discrimem
1000 2434 1099 2497 quum
1127 2410 1212 2476 enim

119 2524 261 2600 Plautus,
282 2524 425 2609 quamvis
448 2524 606 2610 poeticum
633 2524 793 2590 interdum
816 2523 949 2608 spirans,
970 2522 1004 2588 id
1027 2521 1129 2588 solum
1151 2521 1212 2586 sibi

118 2637 330 2724 proposuisset
350 2643 388 2702 ut
409 2637 517 2722 populi
538 2636 655 2722 asperis
678 2635 780 2700 hercle
803 2633 917 2700 studiis
942 2639 1036 2718 atque
1058 2632 1212 2718 impolitis

119 2749 324 2830 satisimeret,
351 2749 515 2816 'l'erentius
543 2755 645 2815 artem
669 2769 833 2833 nunquam
856 2769 922 2812 non
946 2769 1010 2830 pra
1033 2767 1066 2811 sc
1091 2744 1212 2810 ferebat

118 2869 152 2930 et
173 2885 399 2949 perpaucorum
422 2863 587 2928 hominum
609 2863 643 2927 in
667 2862 754 2926 hisce
776 2861 869 2926 rebus
891 2859 995 2946 magis
1017 2864 1213 2924 versatorum

119 2976 212 3042 cultis
238 2976 421 3042 consulebat
443 2975 580 3040 auribus.
625 2974 720 3040 Unde
743 2973 781 3038 fit
804 2977 843 3038 ut
865 2973 997 3038 Plautus
1018 2972 1142 3036 nullum
1163 2997 1211 3040 re·

116 3088 227 3172 jecerit
255 3087 415 3171 exemplar
443 3087 529 3172 quod
552 3086 655 3152 Graeci
679 3073 862 3164 offerebant,
885 3083 1051 3148 Terentius
1076 3083 1210 3149 Menan-

121 3200 212 3264 drum
248 3200 361 3280 solum,
391 3199 533 3264 omnium
568 3199 695 3264 illorum
729 3202 894 3284 poetarum
929 3195 1211 3282 elegantissimum,

120 3311 262 3378 imitatus
283 3313 336 3379 sit.
381 3312 514 3391 Deinde,
529 3312 613 3397 quod
630 3333 724 3397 supra
747 3309 1034 3376 animadvertimus.
1079 3309 1212 3375 Plautus
1317 3377 1318 3398 ,

120 3427 255 3492 nihilum
283 3449 304 3492 a
331 3449 366 3492 se
393 3425 530 3492 alienum
559 3425 707 3504 habebat,
730 3423 815 3510 quod
838 3423 938 3490 colore
963 3445 1041 3508 opus
1067 3422 1212 3488 indueret

120 3545 153 3604 et
174 3539 248 3604 vitae
269 3537 540 3604 versimilitudinc.
585 3537 698 3623 Itaque
723 3535 825 3600 multa
847 3535 881 3600 in
904 3556 940 3600 eo
965 3533 1117 3598 habemus
1143 3556 1212 3619 quae
1317 3515 1318 3578 l

120 3649 193 3716 solis
216 3651 368 3716 Romanis
393 3651 518 3736 propria
543 3653 643 3729 erant,
668 3647 765 3714 etiam
787 3647 879 3732 plura
899 3669 968 3732 quae
988 3645 1062 3710 solis
1084 3644 1212 3710 Graecis.
1317 3737 1318 3759 Χ

121 3761 283 3828 Terentius
317 3767 426 3828 contra
458 3762 505 3827 ita
538 3760 598 3828 sibi
631 3758 827 3846 temperabat
859 3761 897 3822 ut
928 3780 981 3823 eos
1013 3755 1211 3842 potissimum

122 3877 354 3960 repraesentatos
382 3873 541 3959 reliquerit
569 3895 671 3940 mores
699 3871 756 3958 qui
785 3871 819 3936 in
853 3869 941 3936 omni
975 3869 1102 3934 natione
1135 3873 1211 3932 sunt

122 3983 297 4034 inveniundi
321 3988 355 4034 nt.
375 3984 408 4034 in
432 3985 516 4034 nmni
543 3985 636 4034 latrina
657 3984 741 4034 nrlrin
764 3990 916 4034 inmrnm
941 3979 1060 4034 muln.
1105 3979 1210 4034 lmmn
