2686 4126
250 141 349 206 Venit
373 141 408 204 in
432 140 583 218 animum,
607 141 701 205 simul
726 145 821 226 atque
846 140 916 206 illos
941 140 1101 225 legerim,
1136 137 1191 204 de
1230 141 1252 204 I

205 274 372 336 puerorum
394 252 623 331 honestissimo,
643 256 677 315 et
695 250 811 330 Sileno,
829 275 892 316 non
912 251 1020 316 vinoso
1044 252 1117 316 illo
1144 274 1252 336 quen

206 363 279 426 darn
304 363 474 442 finxerunt,
499 363 553 428 sed
577 361 649 426 miti
676 385 748 426 sene
772 369 806 428 et
832 364 954 441 callido,
980 363 1037 447 qui
1066 385 1211 426 causas
1247 385 1252 426 1

205 475 295 538 novit
321 479 415 559 atque
440 474 523 559 ipsas
548 497 618 552 res;
649 475 860 560 nympharum
883 475 974 540 video
998 475 1186 559 diffugere
1220 473 1252 538 cl

204 581 238 654 et
263 588 463 674 capripedum
488 609 604 672 agmen
629 587 823 672 Satyrorum.
872 587 921 650 De
947 587 1124 652 comoediis
1154 587 1252 671 plur⁴

205 705 293 765 stant
321 701 511 784 fragmenta,
541 698 662 762 incerta
689 697 853 782 pleraque3
884 699 1011 762 Graecus
1042 698 1226 763 omnibus

204 813 316 897 figitur
346 811 469 875 titulus.
524 809 666 888 Ariolus,
695 809 801 873 fabula
833 832 928 894 quam
960 809 1078 874 dicunt
1117 814 1252 894 poetar

203 933 322 988 carcere
334 924 492 1008 jacentem
511 920 731 1005 composuisse,
746 926 779 984 et
797 921 1013 985 Philemonem
1031 926 1068 986 et
1085 921 1252 1005 Antipha

203 1041 236 1100 et
258 1034 471 1098 Menandrum
496 1056 581 1112 avos,
604 1037 641 1096 ut
666 1033 712 1096 ita
737 1032 849 1112 dicam,
872 1033 932 1097 sibi
953 1033 1113 1103 vindicat.
1172 1033 1252 1098 Coie

202 1168 222 1210 a
251 1144 421 1210 Menandri
451 1143 562 1208 Colace
594 1143 768 1222 imitatum,
797 1145 935 1228 primum
964 1144 1124 1208 Naevium
1161 1145 1252 1209 docu

202 1261 311 1342 postea
333 1278 406 1321 vero
428 1256 578 1319 Plautum
601 1260 634 1319 et
656 1255 860 1335 emendatius,
882 1262 1042 1320 auctorem
1067 1256 1238 1320 habemus

202 1368 349 1434 rentium.
406 1368 475 1431 Neo
503 1367 608 1430 minus
636 1365 688 1430 hic
714 1389 809 1450 quam
837 1367 870 1430 in
896 1367 1050 1452 tragoedia
1078 1367 1186 1431 animi
1219 1373 1252 1432 al

202 1481 274 1544 bilis
292 1485 340 1544 est
355 1479 651 1564 deprehendendum
660 1503 671 1556 ;
693 1478 728 1540 id
746 1500 934 1564 magnopere
954 1478 1165 1558 admiramur,
1179 1493 1252 1563 poet

202 1585 411 1656 Camenarum
431 1589 696 1654 studiosissimum
715 1589 831 1653 Graecis
851 1612 883 1654 se
901 1589 947 1654 ita
965 1591 1106 1675 benigne
1129 1613 1252 1682 aecomr

202 1702 334 1780 davisse,
349 1724 462 1785 nempe
476 1706 514 1764 ut
531 1701 698 1784 aequalium
712 1724 838 1765 suorum
855 1701 984 1766 auribus
1000 1703 1206 1768 satisfaceret,

202 1837 267 1877 una
293 1815 359 1899 ejus
386 1812 493 1876 fabula
515 1835 583 1897 quae
607 1819 774 1896 personata
794 1819 924 1878 vocatur
949 1813 1087 1878 multum
1113 1814 1252 1898 ambigit

202 1937 299 2009 quum
326 1924 381 1988 alii
405 1945 474 1987 eam
497 1946 516 1987 a
543 1924 716 2008 personatis
742 1923 946 1988 histrionibus
969 1925 1071 1990 velint
1094 1947 1160 1990 esse
1185 1948 1252 2009 repr

202 2039 370 2114 sentatam,
384 2035 448 2114 alii,
464 2035 545 2120 quod
561 2036 686 2100 nonnisi
702 2039 774 2120 post
788 2036 904 2100 multos
919 2033 1016 2102 anno's
1030 2038 1114 2100 huno
1128 2036 1252 2100 invento

202 2168 267 2210 esse
285 2151 430 2210 censeant
447 2170 550 2227 usum,
565 2147 728 2211 Atellanos
749 2148 863 2212 malint
884 2154 1010 2233 propter
1028 2147 1162 2232 inopiam
1181 2147 1252 2212 hiso

203 2281 301 2322 onum
322 2258 438 2322 accitos
461 2281 536 2337 esse,
559 2281 610 2322 eos
632 2281 778 2342 personas
800 2282 921 2344 semper
941 2259 1118 2344 portavisse.

204 2355 207 2360 ⁵
246 2370 306 2433 IX.
331 2369 371 2435 Q.
391 2370 527 2448 Ennius,
550 2369 662 2434 Naevio
687 2370 806 2454 aliquot
829 2371 918 2434 annis
942 2377 1020 2434 natu
1042 2371 1147 2450 minor,
1170 2372 1252 2436 Graeo

201 2479 317 2544 litteris
347 2481 448 2544 multo
474 2481 577 2565 magis
605 2481 758 2545 incubuit.
811 2481 919 2546 Quum
945 2483 1029 2546 enim
1053 2483 1172 2548 Navius
1197 2507 1252 2550 cast

202 2599 240 2656 ut
268 2593 315 2656 ita
343 2593 455 2671 dicam,
484 2597 517 2656 et
546 2598 672 2677 propter
700 2593 809 2677 patria
837 2595 973 2658 materia
1002 2594 1130 2678 inopiam
1156 2596 1193 2660 ad
1218 2597 1252 2661 ho

202 2705 373 2789 magistros
406 2727 439 2768 se
474 2704 652 2783 contulerit,
681 2705 734 2769 hic
768 2705 895 2770 consilio
928 2712 960 2770 et
988 2711 1107 2791 propter
1131 2708 1252 2774 fervidae

203 2839 310 2880 eorum
333 2815 572 2880 admirationem
593 2815 792 2901 AEsohylum,
814 2817 1009 2901 Sophoclem,
1031 2819 1150 2884 maxime
1169 2824 1252 2886 tamer

203 2928 389 3012 Euripidem
419 2932 468 2991 est
498 2933 632 2992 secutus.
689 2928 801 3011 Itaque
830 2951 922 2993 ausus
951 2952 989 2994 ex
1015 2929 1094 2994 fonte
1114 2929 1252 3014 Euripide<

202 3041 314 3124 longos
336 3040 468 3102 haustus
487 3038 607 3114 ducere,-
623 3044 655 3103 et
676 3038 905 3123 philosophiam
927 3043 993 3126 ejus
1015 3041 1073 3106 suis
1091 3042 1252 3123 enuntiabat,

202 3157 237 3216 et
259 3151 299 3215 ad
318 3149 473 3235 poeticam
493 3151 646 3213 rationem
665 3150 852 3216 Latinorum
870 3153 1026 3238 dirigebat
1044 3153 1151 3218 animos.
1188 3153 1252 3219 lhes

201 3263 310 3328 docuit
330 3261 452 3325 fabulas
469 3261 629 3345 Euripidis
648 3262 742 3328 verbo
761 3286 929 3348 expressas,
945 3265 1090 3343 Medeam,
1104 3265 1252 3347 Hecubam,

203 3373 416 3459 Iphigeniam,
439 3373 629 3457 reliquarum
653 3374 805 3459 pleraeque
828 3375 1012 3461 Euripidem
1034 3378 1243 3462 praeseferunt,

202 3486 270 3550 aliae
294 3485 490 3570 Sophoclem,
506 3486 695 3572 AEschylum
713 3487 767 3550 vix
789 3511 852 3551 una
873 3493 928 3552 aut
951 3489 1021 3552 duo.
1061 3489 1093 3552 ln
1109 3489 1241 3574 iphigenia

202 3597 363 3683 Euripidis
382 3598 521 3662 fabulam
541 3598 688 3678 reddidit,
703 3599 884 3684 ampliorem
903 3605 1011 3664 tamen
1029 3600 1091 3664 fecit
1105 3606 1130 3664 et
1145 3601 1238 3684 Sopho

204 3710 269 3774 olea
294 3710 444 3774 nonnulla
469 3710 655 3775 introduxit.
705 3712 817 3796 Itaque
841 3734 938 3796 quum
963 3712 1109 3795 Sophocles
1128 3713 1233 3775 militum

203 3819 332 3887 chorum
350 3823 570 3902 introduxerit,
584 3823 750 3908 Euripides
768 3821 945 3901 mulierum,
961 3823 1137 3908 illumpotius
1150 3828 1231 3887 noster
1251 3807 1252 3820 ¹

202 3941 250 4000 est
280 3941 413 4000 secutus,
465 3937 584 4000 Earum
612 3958 690 4020 quas
720 3933 833 3998 Latine
861 3933 958 3998 vertit
987 3934 1089 3998 fabulas
1111 3934 1225 4019 specimen
