2686 4126
466 0 512 65 lc
560 1 688 66 ceuceu
723 0 816 65 'cesa'
843 0 1116 66 ‘'omanoram.

233 189 320 254 Mira
348 212 422 254 sane
451 211 500 254 res
514 193 596 284 ‘erat
624 187 659 252 in
687 188 832 254 bellicoso
862 188 988 273 populo,
1013 189 1146 274 legum
1185 211 1255 253 sev

231 301 337 385 potius
362 300 484 365 fautore
494 276 602 384 *duam
623 299 778 365 ubertatis
803 299 935 385 ingenii,
958 305 991 364 et
1012 323 1031 364 a
1055 299 1247 364 novitate

233 434 354 496 semper
383 411 574 477 abhorrenti.
633 411 746 496 Itaque
779 409 888 476 multis
921 416 989 475 erat
1017 411 1214 476 obsessum
1254 469 1255 476 ,

232 524 334 588 modis
354 524 483 608 hujusce
504 522 581 586 artis
606 523 846 587 incrementum.
899 522 1042 586 Primum
1065 521 1174 587 enim
1207 547 1255 588 se:

231 633 387 698 libertinis
423 633 551 699 omnino
587 634 728 718 relegata
763 638 811 698 est
822 659 832 712 ;
865 633 999 719 ingenui
1034 655 1155 718 neque
1200 633 1255 699 fa<

232 746 371 810 carmina
399 767 499 830 neque
529 745 676 831 agebant.
735 745 858 810 Deinde
888 745 1033 810 omnibus
1069 745 1117 810 iis
1155 746 1255 831 adju]

232 856 345 941 quibus
368 857 469 921 Graeoi
491 856 531 920 ad
552 856 771 922 delectandum
793 857 975 936 utebantur,
997 879 1155 942 persona,
1183 879 1255 922 ma<

232 968 349 1033 tabulis
379 991 447 1053 quae
476 969 561 1032 vocis
594 991 706 1033 sonum
739 974 892 1054 augerent
923 973 955 1032 et
987 967 1124 1052 longius
1162 969 1203 1032 in
1243 991 1255 1034 ι

232 1079 425 1158 emitterent,
461 1101 587 1164 prorsus
623 1079 781 1144 carebant.
842 1079 996 1165 Denique,
1033 1080 1125 1164 quod
1168 1103 1255 1143 max]

232 1198 309 1269 erat,
338 1191 463 1254 nullum
493 1196 542 1256 est
574 1192 736 1255 theatrum
767 1192 876 1256 Βοωω
909 1195 984 1256 ante
1014 1189 1169 1275 Pompeii
1204 1196 1255 1256 ter

232 1325 271 1367 ex
300 1302 404 1388 lapide
437 1302 625 1367 aedificatum
636 1328 646 1380 3
683 1303 791 1387 lignea
819 1324 855 1367 ea
883 1301 1007 1387 pulpita
1036 1325 1109 1386 quae
1144 1324 1237 1366 anno

232 1436 355 1500 quoque
380 1415 415 1477 in
437 1413 528 1478 ludos
550 1413 817 1498 componebantur
837 1413 1002 1498 Thespidis
1026 1413 1177 1498 plaustra
1201 1435 1255 1476 mu

231 1505 419 1590 referebant.
477 1525 632 1589 Atellanae
667 1547 741 1590 vero
779 1525 891 1590 fabulae
928 1529 961 1590 et
998 1524 1191 1590 Fescennini
1230 1548 1255 1588 v

231 1637 312 1700 nihil
341 1636 404 1701 fere
435 1636 477 1700 ad
504 1659 574 1702 eam
603 1659 671 1721 quae
704 1637 794 1701 nobis
827 1636 987 1722 proposita
1015 1643 1064 1701 est
1097 1659 1148 1700 res
1182 1637 1255 1700 aun

232 1749 281 1812 De
314 1748 427 1832 quibus
460 1749 598 1812 multum
626 1748 688 1811 viri
716 1748 892 1812 doctissimi
923 1748 1007 1812 inter
1040 1769 1073 1812 se
1105 1747 1255 1812 disseruer

231 1859 311 1924 illud
332 1859 367 1922 in
388 1881 422 1923 re
443 1858 563 1924 incerta
585 1860 721 1923 maxime
741 1860 868 1924 videtur
887 1858 1065 1938 verisimile,
1084 1859 1202 1922 Latina
1223 1883 1255 1924 or

231 1969 327 2035 fuisse
353 1969 486 2054 origine,
512 1993 588 2051 non,
615 1971 699 2056 quod
724 1971 869 2036 nonnulli
897 1971 1085 2050 maluerunt,
1111 1971 1168 2035 hos
1192 1971 1255 2034 Etr

231 2081 301 2145 illas
324 2081 450 2146 Latina.
497 2082 568 2146 Hoc
589 2083 744 2166 praecipue
766 2081 934 2146 discrimen
955 2089 1022 2146 erat
1043 2082 1126 2146 inter
1145 2082 1255 2168 hujusd

231 2215 339 2257 versus
368 2198 463 2278 atque
492 2194 591 2278 ipsius
620 2217 719 2258 scena
744 2217 855 2272 usum,
885 2193 1024 2278 primum
1050 2193 1131 2278 quod
1155 2193 1255 2260 histri<

232 2304 314 2368 servi
334 2310 425 2369 erant
443 2305 502 2368 'aut
520 2305 671 2385 libertini,
686 2305 721 2368 in
740 2305 940 2369 Fescenninis
960 2311 993 2370 et
1009 2305 1158 2370 Atellanis
1176 2305 1255 2370 Rom

232 2437 265 2479 se
288 2415 384 2504 libere
407 2415 605 2481 immiscebat
624 2417 795 2501 juveutus;
821 2420 893 2478 tum
915 2415 998 2499 quod
1020 2439 1168 2500 personas,
1189 2416 1255 2484 hist

231 2527 325 2591 nibus
350 2550 472 2612 semper
494 2535 637 2612 negatas,
660 2526 713 2591 hio
736 2525 937 2591 adhibebant.
990 2527 1039 2592 De
1061 2549 1092 2592 re
1112 2527 1255 2592 scenica]

231 2639 387 2724 imprimis
410 2645 485 2704 sunt
506 2639 800 2717 animadvertenda;
826 2639 895 2723 jam
916 2659 1046 2722 propero
1067 2639 1103 2702 ad
1122 2645 1227 2722 poetas.

274 2751 354 2815 VII.
378 2751 468 2815 Inter
488 2773 566 2836 quos
587 2749 725 2835 primum
747 2773 834 2814 senes
855 2749 936 2828 illos,
953 2749 1079 2814 Livium
1093 2751 1255 2816 Andronicu

231 2861 384 2940 Ennium,
415 2862 575 2940 Naevium,
608 2860 709 2925 obiter
741 2861 879 2945 quidem,
911 2861 965 2926 sed
997 2885 1061 2926 non
1088 2861 1146 2926 sine
1174 2863 1255 2946 quade

231 2973 407 3040 reverentia
432 2973 651 3057 respiciamus;
682 2971 793 3037 deinde
816 2995 868 3037 eos
893 2973 928 3036 in
950 2995 1080 3058 quorum
1101 2973 1223 3058 operibus
1245 2995 1255 3037 a

233 3085 404 3150 dramatica
428 3085 549 3149 virilior
572 3085 641 3168 jam
666 3083 793 3148 videtur
822 3083 990 3165 exstitisse,
1016 3085 1130 3149 Attium
1151 3090 1178 3148 et
1200 3086 1255 3149 Pac

231 3197 321 3262 vium
351 3196 497 3280 tragicos,
524 3195 706 3259 Terentium
732 3204 764 3260 et
790 3195 940 3260 Plautum
968 3196 1113 3261 comoedia
1134 3196 1255 3280 scriptore

205 3331 207 3334 ·
231 3309 277 3372 Et
298 3309 333 3371 in
355 3308 447 3372 Livio
469 3307 596 3391 quidem
617 3307 799 3372 Andronico
821 3307 952 3372 minime
973 3331 1052 3393 opus
1071 3314 1111 3373 est
1129 3309 1255 3372 hareamu

234 3421 397 3485 Habemus
428 3420 556 3484 Horatii
586 3419 625 3484 de
656 3442 691 3484 eo
717 3421 873 3505 judicium
885 3446 894 3498 ;
931 3443 988 3486 nos
1016 3441 1084 3486 vero
1109 3420 1152 3505 qui
1176 3419 1255 3484 Orbili

199 3577 200 3582 κ
232 3555 362 3596 manum
391 3555 554 3618 nunquam
582 3531 789 3596 subduximus
819 3533 906 3596 nulla
932 3538 1022 3598 vetat
1048 3533 1139 3618 religio
1159 3532 1220 3617 quin
1240 3556 1255 3598 e

231 3650 395 3730 poetarum
414 3666 544 3708 numero
565 3643 765 3728 excipiamus,
780 3667 845 3708 non
863 3644 967 3708 Flacci
986 3649 1102 3708 tantum
1117 3644 1194 3708 secuti
1210 3667 1255 3708 ano

232 3759 405 3838 toritatem,
420 3758 517 3844 lepidi
538 3757 665 3842 quidem
685 3757 821 3822 hominis
844 3759 899 3822 sed
920 3759 1049 3822 l'ortasse
1068 3757 1221 3840 persentiat
1238 3757 1255 3822 ir

233 3892 266 3933 re
291 3869 445 3935 litteraria
470 3869 564 3932 nimis
590 3867 755 3945 fastidiosi,
777 3889 888 3930 verum
914 3867 1010 3932 etiam
1031 3866 1109 3930 'lulli
1128 3871 1153 3930 et
1170 3865 1255 3931 Quinc<

232 3981 334 4032 titiani
364 3981 538 4032 mrauinsimi
555 3980 717 4032 ritrirrsnrrn
735 3977 846 4032 inclinis
863 3982 896 4032 al,
911 3977 1073 4032 veluntatis
1088 3975 1255 4032 amantissimil
