<?xml version="1.0" encoding="UTF-8"?>
<!DOCTYPE html PUBLIC "-//W3C//DTD XHTML 1.0 Transitional//EN"
    "http://www.w3.org/TR/xhtml1/DTD/xhtml1-transitional.dtd">
<html xmlns="http://www.w3.org/1999/xhtml" xml:lang="en" lang="en">
 <head>
  <title>
</title>
<meta http-equiv="Content-Type" content="text/html;charset=utf-8" />
  <meta name='ocr-system' content='tesseract 3.04.00' />
  <meta name='ocr-capabilities' content='ocr_page ocr_carea ocr_par ocr_line ocrx_word'/>
</head>
<body>
  <div class='ocr_page' id='page_1' title='image "./descenicapoesir00pricgoog_0023.png"; bbox 0 0 2686 4126; ppageno 0'>
   <div class='ocr_carea' id='block_1_1' title="bbox 105 1 1096 94">
    <p class='ocr_par' dir='ltr' id='par_1_1' title="bbox 105 1 1096 94">
     <span class='ocr_line' id='line_1_1' title="bbox 105 1 1096 94; baseline 0.012 -13"><span class='ocrx_word' id='word_1_1' title='bbox 105 1 111 3; x_wconf 56' lang='grc'>’</span> <span class='ocrx_word' id='word_1_2' title='bbox 191 1 194 3; x_wconf 50' lang='grc'>’</span> <span class='ocrx_word' id='word_1_3' title='bbox 228 17 274 83; x_wconf 91' lang='grc'><strong>18</strong></span> <span class='ocrx_word' id='word_1_4' title='bbox 448 11 507 85; x_wconf 86' lang='lat' dir='ltr'><strong>De</strong></span> <span class='ocrx_word' id='word_1_5' title='bbox 524 11 682 86; x_wconf 82' lang='lat' dir='ltr'><strong>Soeaioo</strong></span> <span class='ocrx_word' id='word_1_6' title='bbox 700 13 810 90; x_wconf 81' lang='lat' dir='ltr'><strong>Pessi</strong></span> <span class='ocrx_word' id='word_1_7' title='bbox 827 15 1096 94; x_wconf 77' lang='lat' dir='ltr'><strong>Romanorum.</strong></span> 
     </span>
    </p>
   </div>
   <div class='ocr_carea' id='block_1_2' title="bbox 217 207 1248 3976">
    <p class='ocr_par' dir='ltr' id='par_1_2' title="bbox 217 207 1248 3637">
     <span class='ocr_line' id='line_1_2' title="bbox 224 207 1248 298; baseline 0.004 -26"><span class='ocrx_word' id='word_1_8' title='bbox 224 207 328 272; x_wconf 84' lang='lat' dir='ltr'><strong>Ennio</strong></span> <span class='ocrx_word' id='word_1_9' title='bbox 344 209 513 294; x_wconf 80' lang='lat' dir='ltr'><strong>ceterisque</strong></span> <span class='ocrx_word' id='word_1_10' title='bbox 529 210 711 275; x_wconf 73' lang='lat' dir='ltr'><strong>Graecorum</strong></span> <span class='ocrx_word' id='word_1_11' title='bbox 726 210 946 277; x_wconf 87' lang='lat' dir='ltr'><strong>imitatoribus.</strong></span> <span class='ocrx_word' id='word_1_12' title='bbox 992 213 1109 298; x_wconf 89' lang='lat' dir='ltr'><strong>Itaque</strong></span> <span class='ocrx_word' id='word_1_13' title='bbox 1127 235 1193 298; x_wconf 90' lang='lat' dir='ltr'><strong>per</strong></span> <span class='ocrx_word' id='word_1_14' title='bbox 1216 213 1248 276; x_wconf 89' lang='lat' dir='ltr'><strong>al</strong></span> 
     </span>
     <span class='ocr_line' id='line_1_3' title="bbox 225 321 1248 407; baseline 0.006 -23"><span class='ocrx_word' id='word_1_15' title='bbox 225 343 323 385; x_wconf 90' lang='lat' dir='ltr'><strong>annos</strong></span> <span class='ocrx_word' id='word_1_16' title='bbox 344 321 494 406; x_wconf 89' lang='lat' dir='ltr'><strong>ambigua</strong></span> <span class='ocrx_word' id='word_1_17' title='bbox 515 323 650 407; x_wconf 89' lang='lat' dir='ltr'><strong>quadam</strong></span> <span class='ocrx_word' id='word_1_18' title='bbox 672 323 792 388; x_wconf 91' lang='lat' dir='ltr'><strong>ratione</strong></span> <span class='ocrx_word' id='word_1_19' title='bbox 816 324 946 389; x_wconf 90' lang='lat' dir='ltr'><strong>florebat</strong></span> <span class='ocrx_word' id='word_1_20' title='bbox 967 347 1077 403; x_wconf 79' lang='lat' dir='ltr'><strong>scena3</strong></span> <span class='ocrx_word' id='word_1_21' title='bbox 1104 326 1194 390; x_wconf 92' lang='lat' dir='ltr'><strong>dum</strong></span> <span class='ocrx_word' id='word_1_22' title='bbox 1221 327 1248 390; x_wconf 77' lang='lat' dir='ltr'><strong>ti</strong></span> 
     </span>
     <span class='ocr_line' id='line_1_4' title="bbox 221 433 1248 521; baseline 0.004 -25"><span class='ocrx_word' id='word_1_23' title='bbox 221 436 259 496; x_wconf 83' lang='lat' dir='ltr'><strong>-et</strong></span> <span class='ocrx_word' id='word_1_24' title='bbox 276 455 383 496; x_wconf 89' lang='lat' dir='ltr'><strong>eorum</strong></span> <span class='ocrx_word' id='word_1_25' title='bbox 404 433 540 498; x_wconf 74' lang='lat' dir='ltr'>fautores</span> <span class='ocrx_word' id='word_1_26' title='bbox 562 434 602 498; x_wconf 89' lang='lat' dir='ltr'><strong>ad</strong></span> <span class='ocrx_word' id='word_1_27' title='bbox 622 435 776 519; x_wconf 75' lang='lat' dir='ltr'><strong>tragicam</strong></span> <span class='ocrx_word' id='word_1_28' title='bbox 798 435 906 519; x_wconf 89' lang='lat' dir='ltr'>poesin</span> <span class='ocrx_word' id='word_1_29' title='bbox 928 437 1127 520; x_wconf 71' lang='lat' dir='ltr'><strong>spectabant,</strong></span> <span class='ocrx_word' id='word_1_30' title='bbox 1146 438 1248 521; x_wconf 71' lang='lat' dir='ltr'><strong>vulgi</strong></span> 
     </span>
     <span class='ocr_line' id='line_1_5' title="bbox 225 544 1248 631; baseline 0.005 -23"><span class='ocrx_word' id='word_1_31' title='bbox 225 544 426 629; x_wconf 90' lang='lat' dir='ltr'><strong>magnificam</strong></span> <span class='ocrx_word' id='word_1_32' title='bbox 448 545 582 629; x_wconf 90' lang='lat' dir='ltr'><strong>speciem</strong></span> <span class='ocrx_word' id='word_1_33' title='bbox 603 550 636 610; x_wconf 89' lang='lat' dir='ltr'><strong>et</strong></span> <span class='ocrx_word' id='word_1_34' title='bbox 656 569 805 631; x_wconf 87' lang='lat' dir='ltr'><strong>pompam</strong></span> <span class='ocrx_word' id='word_1_35' title='bbox 827 547 988 612; x_wconf 78' lang='lat' dir='ltr'><strong>scenicam.</strong></span> <span class='ocrx_word' id='word_1_36' title='bbox 1033 549 1101 612; x_wconf 89' lang='lat' dir='ltr'><strong>Diu</strong></span> <span class='ocrx_word' id='word_1_37' title='bbox 1123 554 1248 612; x_wconf 91' lang='lat' dir='ltr'><strong>tamen</strong></span> 
     </span>
     <span class='ocr_line' id='line_1_6' title="bbox 224 655 1248 745; baseline 0.007 -26"><span class='ocrx_word' id='word_1_38' title='bbox 224 655 348 720; x_wconf 87' lang='lat' dir='ltr'><strong>diversa</strong></span> <span class='ocrx_word' id='word_1_39' title='bbox 371 677 435 720; x_wconf 87' lang='lat' dir='ltr'><strong>una</strong></span> <span class='ocrx_word' id='word_1_40' title='bbox 456 656 607 741; x_wconf 88' lang='lat' dir='ltr'><strong>conjungi</strong></span> <span class='ocrx_word' id='word_1_41' title='bbox 629 679 693 720; x_wconf 91' lang='lat' dir='ltr'><strong>non</strong></span> <span class='ocrx_word' id='word_1_42' title='bbox 714 663 870 742; x_wconf 87' lang='lat' dir='ltr'><strong>poterant,</strong></span> <span class='ocrx_word' id='word_1_43' title='bbox 893 660 1005 724; x_wconf 88' lang='lat' dir='ltr'><strong>necin</strong></span> <span class='ocrx_word' id='word_1_44' title='bbox 1027 661 1195 745; x_wconf 82' lang='lat' dir='ltr'><strong>tragoedia</strong></span> <span class='ocrx_word' id='word_1_45' title='bbox 1219 685 1248 726; x_wconf 62' lang='lat' dir='ltr'><strong>nr</strong></span> 
     </span>
     <span class='ocr_line' id='line_1_7' title="bbox 226 765 1248 850; baseline 0.004 -20"><span class='ocrx_word' id='word_1_46' title='bbox 226 765 384 831; x_wconf 87' lang='lat' dir='ltr'><strong>comoedia.</strong></span> <span class='ocrx_word' id='word_1_47' title='bbox 428 766 541 850; x_wconf 89' lang='lat' dir='ltr'><strong>Itaque</strong></span> <span class='ocrx_word' id='word_1_48' title='bbox 552 766 665 831; x_wconf 91' lang='lat' dir='ltr'><strong>Plauto</strong></span> <span class='ocrx_word' id='word_1_49' title='bbox 680 772 713 831; x_wconf 92' lang='lat' dir='ltr'><strong>et</strong></span> <span class='ocrx_word' id='word_1_50' title='bbox 727 767 871 832; x_wconf 76' lang='lat' dir='ltr'><strong>Terentio</strong></span> <span class='ocrx_word' id='word_1_51' title='bbox 886 775 1101 833; x_wconf 89' lang='lat' dir='ltr'><strong>successerunt</strong></span> <span class='ocrx_word' id='word_1_52' title='bbox 1118 770 1248 834; x_wconf 86' lang='lat' dir='ltr'><strong>Afrani</strong></span> 
     </span>
     <span class='ocr_line' id='line_1_8' title="bbox 224 877 1248 966; baseline 0.006 -26"><span class='ocrx_word' id='word_1_53' title='bbox 224 877 326 957; x_wconf 91' lang='lat' dir='ltr'><strong>mimi,</strong></span> <span class='ocrx_word' id='word_1_54' title='bbox 341 877 478 962; x_wconf 89' lang='lat' dir='ltr'><strong>tragicos</strong></span> <span class='ocrx_word' id='word_1_55' title='bbox 494 879 680 962; x_wconf 89' lang='lat' dir='ltr'><strong>expulerunt</strong></span> <span class='ocrx_word' id='word_1_56' title='bbox 694 901 785 942; x_wconf 90' lang='lat' dir='ltr'><strong>ursus</strong></span> <span class='ocrx_word' id='word_1_57' title='bbox 804 884 837 943; x_wconf 91' lang='lat' dir='ltr'><strong>et</strong></span> <span class='ocrx_word' id='word_1_58' title='bbox 855 880 978 964; x_wconf 84' lang='lat' dir='ltr'><strong>pugiles</strong></span> <span class='ocrx_word' id='word_1_59' title='bbox 998 885 1055 944; x_wconf 90' lang='lat' dir='ltr'><strong>aut</strong></span> <span class='ocrx_word' id='word_1_60' title='bbox 1073 904 1201 966; x_wconf 89' lang='lat' dir='ltr'><strong>pompa</strong></span> <span class='ocrx_word' id='word_1_61' title='bbox 1217 888 1248 946; x_wconf 84' lang='lat' dir='ltr'><strong>tr</strong></span> 
     </span>
     <span class='ocr_line' id='line_1_9' title="bbox 226 989 1248 1077; baseline 0.005 -25"><span class='ocrx_word' id='word_1_62' title='bbox 226 989 338 1073; x_wconf 86' lang='lat' dir='ltr'><strong>phalis.</strong></span> <span class='ocrx_word' id='word_1_63' title='bbox 396 989 561 1073; x_wconf 76' lang='lat' dir='ltr'><strong>Tragoedia</strong></span> <span class='ocrx_word' id='word_1_64' title='bbox 589 1012 673 1068; x_wconf 90' lang='lat' dir='ltr'><strong>vero,</strong></span> <span class='ocrx_word' id='word_1_65' title='bbox 699 996 854 1074; x_wconf 91' lang='lat' dir='ltr'><strong>quantum</strong></span> <span class='ocrx_word' id='word_1_66' title='bbox 888 991 1096 1076; x_wconf 88' lang='lat' dir='ltr'><strong>elegantiores</strong></span> <span class='ocrx_word' id='word_1_67' title='bbox 1132 999 1248 1077; x_wconf 85' lang='lat' dir='ltr'><strong>specta</strong></span> 
     </span>
     <span class='ocr_line' id='line_1_10' title="bbox 225 1099 1248 1188; baseline 0.005 -25"><span class='ocrx_word' id='word_1_68' title='bbox 225 1099 434 1179; x_wconf 88' lang='lat' dir='ltr'><strong>humaniores,</strong></span> <span class='ocrx_word' id='word_1_69' title='bbox 449 1100 484 1164; x_wconf 91' lang='lat' dir='ltr'><strong>in</strong></span> <span class='ocrx_word' id='word_1_70' title='bbox 505 1101 617 1166; x_wconf 88' lang='lat' dir='ltr'><strong>balnea</strong></span> <span class='ocrx_word' id='word_1_71' title='bbox 638 1101 694 1166; x_wconf 92' lang='lat' dir='ltr'><strong>ubi</strong></span> <span class='ocrx_word' id='word_1_72' title='bbox 717 1101 915 1166; x_wconf 88' lang='lat' dir='ltr'><strong>recitationes</strong></span> <span class='ocrx_word' id='word_1_73' title='bbox 937 1102 1056 1167; x_wconf 88' lang='lat' dir='ltr'><strong>fiebant</strong></span> <span class='ocrx_word' id='word_1_74' title='bbox 1077 1103 1248 1188; x_wconf 58' lang='lat' dir='ltr'><strong>migravit,</strong></span> 
     </span>
     <span class='ocr_line' id='line_1_11' title="bbox 226 1210 1248 1296; baseline 0.007 -22"><span class='ocrx_word' id='word_1_75' title='bbox 226 1210 260 1273; x_wconf 93' lang='lat' dir='ltr'><strong>in</strong></span> <span class='ocrx_word' id='word_1_76' title='bbox 290 1211 413 1275; x_wconf 81' lang='lat' dir='ltr'><strong>Senecae</strong></span> <span class='ocrx_word' id='word_1_77' title='bbox 434 1212 612 1296; x_wconf 66' lang='lat' dir='ltr'><strong>&#39;praedivitis</strong></span> <span class='ocrx_word' id='word_1_78' title='bbox 641 1213 748 1277; x_wconf 83' lang='lat' dir='ltr'><strong>hortos</strong></span> <span class='ocrx_word' id='word_1_79' title='bbox 760 1239 769 1290; x_wconf 90' lang='lat'>;</span> <span class='ocrx_word' id='word_1_80' title='bbox 806 1215 943 1278; x_wconf 85' lang='lat' dir='ltr'><strong>maximo</strong></span> <span class='ocrx_word' id='word_1_81' title='bbox 972 1214 1074 1279; x_wconf 89' lang='lat' dir='ltr'><strong>hercle</strong></span> <span class='ocrx_word' id='word_1_82' title='bbox 1104 1237 1164 1280; x_wconf 91' lang='lat' dir='ltr'><strong>suo</strong></span> <span class='ocrx_word' id='word_1_83' title='bbox 1197 1217 1248 1282; x_wconf 77' lang='lat' dir='ltr'><strong>dar</strong></span> 
     </span>
     <span class='ocr_line' id='line_1_12' title="bbox 226 1322 1246 1412; baseline 0.007 -27"><span class='ocrx_word' id='word_1_84' title='bbox 226 1322 379 1406; x_wconf 73' lang='lat' dir='ltr'><strong>tragoedia</strong></span> <span class='ocrx_word' id='word_1_85' title='bbox 403 1323 487 1387; x_wconf 91' lang='lat' dir='ltr'><strong>enim</strong></span> <span class='ocrx_word' id='word_1_86' title='bbox 508 1346 576 1408; x_wconf 88' lang='lat' dir='ltr'><strong>quae</strong></span> <span class='ocrx_word' id='word_1_87' title='bbox 599 1347 663 1389; x_wconf 90' lang='lat' dir='ltr'><strong>non</strong></span> <span class='ocrx_word' id='word_1_88' title='bbox 689 1325 729 1388; x_wconf 84' lang='lat' dir='ltr'><strong>ad</strong></span> <span class='ocrx_word' id='word_1_89' title='bbox 753 1325 1038 1409; x_wconf 87' lang='lat' dir='ltr'><strong>repraesentandum</strong></span> <span class='ocrx_word' id='word_1_90' title='bbox 1061 1328 1246 1412; x_wconf 84' lang='lat' dir='ltr'><strong>composita</strong></span> 
     </span>
     <span class='ocr_line' id='line_1_13' title="bbox 228 1433 1248 1519; baseline 0.007 -23"><span class='ocrx_word' id='word_1_91' title='bbox 228 1441 249 1472; x_wconf 87' lang='lat'><em>“</em></span> <span class='ocrx_word' id='word_1_92' title='bbox 258 1433 376 1498; x_wconf 90' lang='lat' dir='ltr'><strong>umbrae</strong></span> <span class='ocrx_word' id='word_1_93' title='bbox 397 1434 530 1519; x_wconf 88' lang='lat' dir='ltr'><strong>imagini</strong></span> <span class='ocrx_word' id='word_1_94' title='bbox 538 1435 560 1465; x_wconf 80' lang='lat'><strong>&#39;²</strong></span> <span class='ocrx_word' id='word_1_95' title='bbox 583 1434 742 1499; x_wconf 89' lang='lat' dir='ltr'><strong>simillima</strong></span> <span class='ocrx_word' id='word_1_96' title='bbox 763 1435 888 1500; x_wconf 89' lang='lat' dir='ltr'><strong>videtur</strong></span> <span class='ocrx_word' id='word_1_97' title='bbox 909 1459 984 1502; x_wconf 91' lang='lat' dir='ltr'><strong>esse.</strong></span> <span class='ocrx_word' id='word_1_98' title='bbox 1032 1437 1199 1503; x_wconf 86' lang='lat' dir='ltr'><strong>Comoedia</strong></span> <span class='ocrx_word' id='word_1_99' title='bbox 1221 1463 1248 1504; x_wconf 85' lang='lat' dir='ltr'><strong>rr</strong></span> 
     </span>
     <span class='ocr_line' id='line_1_14' title="bbox 226 1543 1248 1634; baseline 0.007 -27"><span class='ocrx_word' id='word_1_100' title='bbox 226 1543 329 1608; x_wconf 88' lang='lat' dir='ltr'><strong>fausta</strong></span> <span class='ocrx_word' id='word_1_101' title='bbox 350 1551 428 1622; x_wconf 89' lang='lat' dir='ltr'><strong>erat,</strong></span> <span class='ocrx_word' id='word_1_102' title='bbox 451 1569 547 1630; x_wconf 93' lang='lat' dir='ltr'><strong>quum</strong></span> <span class='ocrx_word' id='word_1_103' title='bbox 569 1546 603 1609; x_wconf 92' lang='lat' dir='ltr'><strong>in</strong></span> <span class='ocrx_word' id='word_1_104' title='bbox 626 1547 740 1610; x_wconf 87' lang='lat' dir='ltr'><strong>Satura</strong></span> <span class='ocrx_word' id='word_1_105' title='bbox 762 1547 982 1627; x_wconf 89' lang='lat' dir='ltr'><strong>includeretur,</strong></span> <span class='ocrx_word' id='word_1_106' title='bbox 1003 1571 1036 1613; x_wconf 94' lang='lat' dir='ltr'><strong>re</strong></span> <span class='ocrx_word' id='word_1_107' title='bbox 1061 1572 1135 1614; x_wconf 89' lang='lat' dir='ltr'><strong>vere</strong></span> <span class='ocrx_word' id='word_1_108' title='bbox 1159 1552 1248 1634; x_wconf 88' lang='lat' dir='ltr'><strong>patri</strong></span> 
     </span>
     <span class='ocr_line' id='line_1_15' title="bbox 225 1655 1248 1745; baseline 0.008 -27"><span class='ocrx_word' id='word_1_109' title='bbox 225 1677 296 1739; x_wconf 87' lang='lat' dir='ltr'><strong>quae</strong></span> <span class='ocrx_word' id='word_1_110' title='bbox 309 1655 508 1739; x_wconf 86' lang='lat' dir='ltr'><strong>lepidissimis</strong></span> <span class='ocrx_word' id='word_1_111' title='bbox 523 1657 642 1741; x_wconf 89' lang='lat' dir='ltr'><strong>placuit</strong></span> <span class='ocrx_word' id='word_1_112' title='bbox 659 1657 760 1742; x_wconf 87' lang='lat' dir='ltr'><strong>poetis</strong></span> <span class='ocrx_word' id='word_1_113' title='bbox 779 1662 812 1722; x_wconf 91' lang='lat' dir='ltr'><strong>et</strong></span> <span class='ocrx_word' id='word_1_114' title='bbox 828 1659 961 1724; x_wconf 81' lang='lat' dir='ltr'><strong>maxime</strong></span> <span class='ocrx_word' id='word_1_115' title='bbox 981 1660 1167 1745; x_wconf 87' lang='lat' dir='ltr'><strong>ingeniosis,</strong></span> <span class='ocrx_word' id='word_1_116' title='bbox 1184 1663 1248 1728; x_wconf 82' lang='lat' dir='ltr'><strong>Lu&lt;</strong></span> 
     </span>
     <span class='ocr_line' id='line_1_16' title="bbox 229 1758 1248 1854; baseline 0.01 -25"><span class='ocrx_word' id='word_1_117' title='bbox 229 1758 377 1844; x_wconf 84' lang='lat' dir='ltr'><strong>Horatio,</strong></span> <span class='ocrx_word' id='word_1_118' title='bbox 398 1768 555 1847; x_wconf 89' lang='lat' dir='ltr'><strong>Juvenali,</strong></span> <span class='ocrx_word' id='word_1_119' title='bbox 582 1768 697 1834; x_wconf 90' lang='lat' dir='ltr'><strong>Persio.</strong></span> <span class='ocrx_word' id='word_1_120' title='bbox 755 1769 813 1832; x_wconf 89' lang='lat' dir='ltr'><strong>Sin</strong></span> <span class='ocrx_word' id='word_1_121' title='bbox 842 1771 911 1854; x_wconf 90' lang='lat' dir='ltr'><strong>quis</strong></span> <span class='ocrx_word' id='word_1_122' title='bbox 934 1771 1168 1838; x_wconf 88' lang='lat' dir='ltr'><strong>Athenensium</strong></span> <span class='ocrx_word' id='word_1_123' title='bbox 1192 1797 1248 1840; x_wconf 85' lang='lat' dir='ltr'><strong>sce:</strong></span> 
     </span>
     <span class='ocr_line' id='line_1_17' title="bbox 228 1879 1241 1968; baseline 0.008 -28"><span class='ocrx_word' id='word_1_124' title='bbox 228 1900 300 1941; x_wconf 91' lang='lat' dir='ltr'><strong>cum</strong></span> <span class='ocrx_word' id='word_1_125' title='bbox 322 1879 465 1943; x_wconf 89' lang='lat' dir='ltr'><strong>Romana</strong></span> <span class='ocrx_word' id='word_1_126' title='bbox 486 1880 564 1944; x_wconf 91' lang='lat' dir='ltr'><strong>velit</strong></span> <span class='ocrx_word' id='word_1_127' title='bbox 585 1903 772 1966; x_wconf 90' lang='lat' dir='ltr'><strong>comparare,</strong></span> <span class='ocrx_word' id='word_1_128' title='bbox 794 1888 858 1946; x_wconf 83' lang='lat' dir='ltr'><strong>tres</strong></span> <span class='ocrx_word' id='word_1_129' title='bbox 879 1881 1024 1968; x_wconf 92' lang='lat' dir='ltr'><strong>intelligo</strong></span> <span class='ocrx_word' id='word_1_130' title='bbox 1046 1907 1111 1949; x_wconf 90' lang='lat' dir='ltr'><strong>esse</strong></span> <span class='ocrx_word' id='word_1_131' title='bbox 1133 1907 1241 1950; x_wconf 86' lang='lat' dir='ltr'><strong>causas</strong></span> 
     </span>
     <span class='ocr_line' id='line_1_18' title="bbox 227 1989 1248 2080; baseline 0.008 -28"><span class='ocrx_word' id='word_1_132' title='bbox 227 1989 366 2054; x_wconf 88' lang='lat' dir='ltr'><strong>floruerit</strong></span> <span class='ocrx_word' id='word_1_133' title='bbox 389 1991 535 2070; x_wconf 86' lang='lat' dir='ltr'><strong>Athenis,</strong></span> <span class='ocrx_word' id='word_1_134' title='bbox 558 1992 724 2056; x_wconf 88' lang='lat' dir='ltr'><strong>cessaverit</strong></span> <span class='ocrx_word' id='word_1_135' title='bbox 748 1994 865 2058; x_wconf 86' lang='lat' dir='ltr'><strong>Romae.</strong></span> <span class='ocrx_word' id='word_1_136' title='bbox 914 1993 1056 2059; x_wconf 91' lang='lat' dir='ltr'><strong>Primum</strong></span> <span class='ocrx_word' id='word_1_137' title='bbox 1079 1996 1173 2075; x_wconf 91' lang='lat' dir='ltr'><strong>enim,</strong></span> <span class='ocrx_word' id='word_1_138' title='bbox 1197 2019 1248 2080; x_wconf 80' lang='lat' dir='ltr'><strong>qua</strong></span> 
     </span>
     <span class='ocr_line' id='line_1_19' title="bbox 228 2102 1234 2189; baseline 0.006 -24"><span class='ocrx_word' id='word_1_139' title='bbox 228 2107 295 2166; x_wconf 90' lang='lat' dir='ltr'><strong>erat</strong></span> <span class='ocrx_word' id='word_1_140' title='bbox 315 2102 370 2165; x_wconf 91' lang='lat' dir='ltr'><strong>illa</strong></span> <span class='ocrx_word' id='word_1_141' title='bbox 391 2107 465 2166; x_wconf 88' lang='lat' dir='ltr'><strong>aetas</strong></span> <span class='ocrx_word' id='word_1_142' title='bbox 486 2103 520 2166; x_wconf 88' lang='lat' dir='ltr'><strong>in</strong></span> <span class='ocrx_word' id='word_1_143' title='bbox 545 2126 607 2188; x_wconf 89' lang='lat' dir='ltr'><strong>qua</strong></span> <span class='ocrx_word' id='word_1_144' title='bbox 629 2104 783 2189; x_wconf 88' lang='lat' dir='ltr'><strong>tragoedia</strong></span> <span class='ocrx_word' id='word_1_145' title='bbox 804 2105 941 2169; x_wconf 88' lang='lat' dir='ltr'><strong>Athenis</strong></span> <span class='ocrx_word' id='word_1_146' title='bbox 967 2109 1023 2169; x_wconf 86' lang='lat' dir='ltr'><strong>aut</strong></span> <span class='ocrx_word' id='word_1_147' title='bbox 1049 2113 1123 2171; x_wconf 91' lang='lat' dir='ltr'><strong>nata</strong></span> <span class='ocrx_word' id='word_1_148' title='bbox 1141 2107 1234 2171; x_wconf 84' lang='lat' dir='ltr'><strong>firerit</strong></span> 
     </span>
     <span class='ocr_line' id='line_1_20' title="bbox 229 2213 1248 2300; baseline 0.005 -23"><span class='ocrx_word' id='word_1_149' title='bbox 229 2217 311 2277; x_wconf 85' lang='lat' dir='ltr'><strong>certe</strong></span> <span class='ocrx_word' id='word_1_150' title='bbox 331 2213 476 2298; x_wconf 88' lang='lat' dir='ltr'><strong>perfecta.</strong></span> <span class='ocrx_word' id='word_1_151' title='bbox 522 2215 570 2280; x_wconf 91' lang='lat' dir='ltr'><strong>Ut</strong></span> <span class='ocrx_word' id='word_1_152' title='bbox 590 2215 717 2279; x_wconf 90' lang='lat' dir='ltr'><strong>mittam</strong></span> <span class='ocrx_word' id='word_1_153' title='bbox 737 2213 871 2300; x_wconf 88' lang='lat' dir='ltr'><strong>gloriam</strong></span> <span class='ocrx_word' id='word_1_154' title='bbox 891 2217 1029 2282; x_wconf 87' lang='lat' dir='ltr'><strong>civitatis</strong></span> <span class='ocrx_word' id='word_1_155' title='bbox 1049 2218 1082 2282; x_wconf 92' lang='lat' dir='ltr'><strong>in</strong></span> <span class='ocrx_word' id='word_1_156' title='bbox 1101 2218 1173 2283; x_wconf 91' lang='lat' dir='ltr'><strong>belli</strong></span> <span class='ocrx_word' id='word_1_157' title='bbox 1191 2219 1248 2282; x_wconf 90' lang='lat' dir='ltr'><strong>arti</strong></span> 
     </span>
     <span class='ocr_line' id='line_1_21' title="bbox 228 2325 1248 2413; baseline 0.009 -26"><span class='ocrx_word' id='word_1_158' title='bbox 228 2329 351 2408; x_wconf 90' lang='lat' dir='ltr'><strong>partam</strong></span> <span class='ocrx_word' id='word_1_159' title='bbox 367 2331 399 2389; x_wconf 90' lang='lat' dir='ltr'><strong>et</strong></span> <span class='ocrx_word' id='word_1_160' title='bbox 413 2325 507 2408; x_wconf 88' lang='lat' dir='ltr'><strong>pacis,</strong></span> <span class='ocrx_word' id='word_1_161' title='bbox 520 2331 637 2412; x_wconf 89' lang='lat' dir='ltr'><strong>quanta</strong></span> <span class='ocrx_word' id='word_1_162' title='bbox 652 2331 718 2389; x_wconf 89' lang='lat' dir='ltr'><strong>crat</strong></span> <span class='ocrx_word' id='word_1_163' title='bbox 732 2331 803 2390; x_wconf 90' lang='lat' dir='ltr'><strong>tum</strong></span> <span class='ocrx_word' id='word_1_164' title='bbox 817 2327 852 2390; x_wconf 89' lang='lat' dir='ltr'><strong>in</strong></span> <span class='ocrx_word' id='word_1_165' title='bbox 866 2327 934 2392; x_wconf 87' lang='lat' dir='ltr'><strong>vita</strong></span> <span class='ocrx_word' id='word_1_166' title='bbox 948 2351 1133 2413; x_wconf 88' lang='lat' dir='ltr'><strong>magnorum</strong></span> <span class='ocrx_word' id='word_1_167' title='bbox 1148 2331 1248 2396; x_wconf 87' lang='lat' dir='ltr'><strong>homin</strong></span> 
     </span>
     <span class='ocr_line' id='line_1_22' title="bbox 229 2437 1248 2526; baseline 0.006 -26"><span class='ocrx_word' id='word_1_168' title='bbox 229 2437 369 2515; x_wconf 89' lang='lat' dir='ltr'><strong>societas,</strong></span> <span class='ocrx_word' id='word_1_169' title='bbox 399 2437 544 2516; x_wconf 89' lang='lat' dir='ltr'><strong>Pericles,</strong></span> <span class='ocrx_word' id='word_1_170' title='bbox 580 2437 719 2515; x_wconf 87' lang='lat' dir='ltr'><strong>Phidias,</strong></span> <span class='ocrx_word' id='word_1_171' title='bbox 753 2437 920 2522; x_wconf 86' lang='lat' dir='ltr'><strong>Sophocles</strong></span> <span class='ocrx_word' id='word_1_172' title='bbox 956 2439 1145 2526; x_wconf 91' lang='lat' dir='ltr'><strong>reliquique!</strong></span> <span class='ocrx_word' id='word_1_173' title='bbox 1187 2441 1248 2506; x_wconf 78' lang='lat' dir='ltr'><strong>Dei:</strong></span> 
     </span>
     <span class='ocr_line' id='line_1_23' title="bbox 228 2548 1248 2627; baseline 0.008 -17"><span class='ocrx_word' id='word_1_174' title='bbox 228 2548 312 2612; x_wconf 88' lang='lat' dir='ltr'><strong>inter</strong></span> <span class='ocrx_word' id='word_1_175' title='bbox 326 2571 433 2612; x_wconf 91' lang='lat' dir='ltr'><strong>omnes</strong></span> <span class='ocrx_word' id='word_1_176' title='bbox 448 2549 541 2627; x_wconf 89' lang='lat' dir='ltr'><strong>cives,</strong></span> <span class='ocrx_word' id='word_1_177' title='bbox 557 2571 695 2613; x_wconf 90' lang='lat' dir='ltr'><strong>summos</strong></span> <span class='ocrx_word' id='word_1_178' title='bbox 711 2554 743 2612; x_wconf 91' lang='lat' dir='ltr'><strong>et</strong></span> <span class='ocrx_word' id='word_1_179' title='bbox 757 2548 847 2626; x_wconf 90' lang='lat' dir='ltr'><strong>imos,</strong></span> <span class='ocrx_word' id='word_1_180' title='bbox 862 2572 1029 2616; x_wconf 89' lang='lat' dir='ltr'><strong>consensus</strong></span> <span class='ocrx_word' id='word_1_181' title='bbox 1045 2558 1110 2616; x_wconf 91' lang='lat' dir='ltr'><strong>erat</strong></span> <span class='ocrx_word' id='word_1_182' title='bbox 1126 2553 1248 2618; x_wconf 85' lang='lat' dir='ltr'><strong>liberrim</strong></span> 
     </span>
     <span class='ocr_line' id='line_1_24' title="bbox 228 2659 1248 2746; baseline 0.007 -24"><span class='ocrx_word' id='word_1_183' title='bbox 228 2659 348 2723; x_wconf 88' lang='lat' dir='ltr'><strong>invidia</strong></span> <span class='ocrx_word' id='word_1_184' title='bbox 376 2659 504 2725; x_wconf 89' lang='lat' dir='ltr'><strong>omnino</strong></span> <span class='ocrx_word' id='word_1_185' title='bbox 534 2661 655 2725; x_wconf 90' lang='lat' dir='ltr'><strong>solutus</strong></span> <span class='ocrx_word' id='word_1_186' title='bbox 671 2699 715 2709; x_wconf 92' lang='lat'>—</span> <span class='ocrx_word' id='word_1_187' title='bbox 728 2661 942 2746; x_wconf 89' lang='lat' dir='ltr'><strong>unusquisque</strong></span> <span class='ocrx_word' id='word_1_188' title='bbox 974 2663 1125 2729; x_wconf 89' lang='lat' dir='ltr'><strong>sentiebat</strong></span> <span class='ocrx_word' id='word_1_189' title='bbox 1154 2669 1248 2729; x_wconf 85' lang='lat' dir='ltr'><strong>certari</strong></span> 
     </span>
     <span class='ocr_line' id='line_1_25' title="bbox 221 2770 1248 2860; baseline 0.006 -26"><span class='ocrx_word' id='word_1_190' title='bbox 221 2771 435 2836; x_wconf 87' lang='lat' dir='ltr'><strong>dramaticum</strong></span> <span class='ocrx_word' id='word_1_191' title='bbox 450 2770 609 2856; x_wconf 88' lang='lat' dir='ltr'><strong>suiipsius</strong></span> <span class='ocrx_word' id='word_1_192' title='bbox 623 2795 689 2837; x_wconf 91' lang='lat' dir='ltr'><strong>non</strong></span> <span class='ocrx_word' id='word_1_193' title='bbox 709 2772 814 2836; x_wconf 90' lang='lat' dir='ltr'><strong>minus</strong></span> <span class='ocrx_word' id='word_1_194' title='bbox 833 2773 981 2838; x_wconf 87' lang='lat' dir='ltr'><strong>interesse</strong></span> <span class='ocrx_word' id='word_1_195' title='bbox 999 2797 1093 2858; x_wconf 92' lang='lat' dir='ltr'><strong>quam</strong></span> <span class='ocrx_word' id='word_1_196' title='bbox 1110 2776 1248 2860; x_wconf 78' lang='lat' dir='ltr'><strong>question</strong></span> 
     </span>
     <span class='ocr_line' id='line_1_26' title="bbox 228 2883 1248 2970; baseline -0.003 -24"><span class='ocrx_word' id='word_1_197' title='bbox 228 2883 263 2946; x_wconf 91' lang='lat' dir='ltr'><strong>in</strong></span> <span class='ocrx_word' id='word_1_198' title='bbox 285 2883 411 2946; x_wconf 89' lang='lat' dir='ltr'><strong>ecclesia</strong></span> <span class='ocrx_word' id='word_1_199' title='bbox 431 2883 566 2947; x_wconf 90' lang='lat' dir='ltr'><strong>debello</strong></span> <span class='ocrx_word' id='word_1_200' title='bbox 585 2889 640 2946; x_wconf 93' lang='lat' dir='ltr'><strong>ant</strong></span> <span class='ocrx_word' id='word_1_201' title='bbox 659 2906 735 2968; x_wconf 88' lang='lat' dir='ltr'><strong>pace</strong></span> <span class='ocrx_word' id='word_1_202' title='bbox 757 2883 874 2948; x_wconf 88' lang='lat' dir='ltr'><strong>factam</strong></span> <span class='ocrx_word' id='word_1_203' title='bbox 884 2911 894 2962; x_wconf 89' lang='lat'>;</span> <span class='ocrx_word' id='word_1_204' title='bbox 921 2907 1028 2949; x_wconf 90' lang='lat' dir='ltr'><strong>omnes</strong></span> <span class='ocrx_word' id='word_1_205' title='bbox 1045 2885 1146 2949; x_wconf 92' lang='lat' dir='ltr'><strong>eadem</strong></span> <span class='ocrx_word' id='word_1_206' title='bbox 1163 2886 1193 2948; x_wconf 91' lang='lat' dir='ltr'><strong>in</strong></span> <span class='ocrx_word' id='word_1_207' title='bbox 1210 2911 1248 2970; x_wconf 88' lang='lat' dir='ltr'><strong>po</strong></span> 
     </span>
     <span class='ocr_line' id='line_1_27' title="bbox 228 2994 1248 3080; baseline 0.004 -22"><span class='ocrx_word' id='word_1_208' title='bbox 228 2994 407 3078; x_wconf 90' lang='lat' dir='ltr'><strong>poscebant,</strong></span> <span class='ocrx_word' id='word_1_209' title='bbox 425 2995 588 3080; x_wconf 86' lang='lat' dir='ltr'><strong>judicabat</strong></span> <span class='ocrx_word' id='word_1_210' title='bbox 609 2995 740 3079; x_wconf 91' lang='lat' dir='ltr'><strong>quisque</strong></span> <span class='ocrx_word' id='word_1_211' title='bbox 761 3018 817 3078; x_wconf 93' lang='lat' dir='ltr'><strong>pro</strong></span> <span class='ocrx_word' id='word_1_212' title='bbox 837 3017 880 3074; x_wconf 88' lang='lat' dir='ltr'><strong>se,</strong></span> <span class='ocrx_word' id='word_1_213' title='bbox 895 2996 941 3058; x_wconf 91' lang='lat' dir='ltr'><strong>ita</strong></span> <span class='ocrx_word' id='word_1_214' title='bbox 960 3001 1068 3060; x_wconf 91' lang='lat' dir='ltr'><strong>tamen</strong></span> <span class='ocrx_word' id='word_1_215' title='bbox 1085 3001 1119 3060; x_wconf 94' lang='lat' dir='ltr'><strong>ut</strong></span> <span class='ocrx_word' id='word_1_216' title='bbox 1136 2996 1248 3062; x_wconf 70' lang='lat' dir='ltr'><strong>doctiori</strong></span> 
     </span>
     <span class='ocr_line' id='line_1_28' title="bbox 224 3105 1248 3192; baseline 0.002 -22"><span class='ocrx_word' id='word_1_217' title='bbox 224 3128 262 3170; x_wconf 54' lang='lat' dir='ltr'><strong>‘se</strong></span> <span class='ocrx_word' id='word_1_218' title='bbox 286 3105 451 3169; x_wconf 90' lang='lat' dir='ltr'><strong>homiuum</strong></span> <span class='ocrx_word' id='word_1_219' title='bbox 472 3105 626 3170; x_wconf 91' lang='lat' dir='ltr'><strong>niteretur</strong></span> <span class='ocrx_word' id='word_1_220' title='bbox 647 3105 812 3170; x_wconf 89' lang='lat' dir='ltr'><strong>sententia.</strong></span> <span class='ocrx_word' id='word_1_221' title='bbox 858 3107 1002 3192; x_wconf 92' lang='lat' dir='ltr'><strong>Denique</strong></span> <span class='ocrx_word' id='word_1_222' title='bbox 1023 3107 1141 3191; x_wconf 90' lang='lat' dir='ltr'><strong>quantis</strong></span> <span class='ocrx_word' id='word_1_223' title='bbox 1160 3131 1248 3172; x_wconf 84' lang='lat' dir='ltr'><strong>succes</strong></span> 
     </span>
     <span class='ocr_line' id='line_1_29' title="bbox 228 3216 1248 3305; baseline 0 -26"><span class='ocrx_word' id='word_1_224' title='bbox 228 3216 389 3301; x_wconf 87' lang='lat' dir='ltr'><strong>principiis</strong></span> <span class='ocrx_word' id='word_1_225' title='bbox 414 3217 568 3302; x_wconf 71' lang='lat' dir='ltr'><strong>tragoedia</strong></span> <span class='ocrx_word' id='word_1_226' title='bbox 588 3217 801 3282; x_wconf 87' lang='lat' dir='ltr'><strong>Atheniensis.</strong></span> <span class='ocrx_word' id='word_1_227' title='bbox 847 3218 896 3280; x_wconf 91' lang='lat' dir='ltr'><strong>Ut</strong></span> <span class='ocrx_word' id='word_1_228' title='bbox 915 3218 955 3282; x_wconf 90' lang='lat' dir='ltr'><strong>de</strong></span> <span class='ocrx_word' id='word_1_229' title='bbox 977 3219 1099 3283; x_wconf 89' lang='lat' dir='ltr'><strong>Baccho</strong></span> <span class='ocrx_word' id='word_1_230' title='bbox 1118 3224 1146 3284; x_wconf 91' lang='lat' dir='ltr'><strong>et</strong></span> <span class='ocrx_word' id='word_1_231' title='bbox 1164 3221 1248 3305; x_wconf 56' lang='lat' dir='ltr'><strong>thymi</strong></span> 
     </span>
     <span class='ocr_line' id='line_1_30' title="bbox 222 3327 1248 3415; baseline 0.003 -23"><span class='ocrx_word' id='word_1_232' title='bbox 222 3327 347 3407; x_wconf 88' lang='lat' dir='ltr'><strong>sileam,</strong></span> <span class='ocrx_word' id='word_1_233' title='bbox 363 3329 482 3414; x_wconf 89' lang='lat' dir='ltr'><strong>epicam</strong></span> <span class='ocrx_word' id='word_1_234' title='bbox 496 3329 605 3414; x_wconf 88' lang='lat' dir='ltr'><strong>poesin</strong></span> <span class='ocrx_word' id='word_1_235' title='bbox 618 3329 652 3392; x_wconf 92' lang='lat' dir='ltr'><strong>in</strong></span> <span class='ocrx_word' id='word_1_236' title='bbox 667 3329 811 3394; x_wconf 87' lang='lat' dir='ltr'><strong>manibus</strong></span> <span class='ocrx_word' id='word_1_237' title='bbox 826 3329 984 3394; x_wconf 90' lang='lat' dir='ltr'><strong>habebant</strong></span> <span class='ocrx_word' id='word_1_238' title='bbox 999 3335 1031 3393; x_wconf 91' lang='lat' dir='ltr'><strong>et</strong></span> <span class='ocrx_word' id='word_1_239' title='bbox 1045 3329 1170 3415; x_wconf 85' lang='lat' dir='ltr'><strong>lyricam,</strong></span> <span class='ocrx_word' id='word_1_240' title='bbox 1182 3333 1248 3415; x_wconf 73' lang='lat' dir='ltr'><strong>perf&lt;</strong></span> 
     </span>
     <span class='ocr_line' id='line_1_31' title="bbox 217 3439 1248 3526; baseline 0.003 -22"><span class='ocrx_word' id='word_1_241' title='bbox 217 3439 384 3504; x_wconf 59' lang='lat' dir='ltr'><strong>*tissimam</strong></span> <span class='ocrx_word' id='word_1_242' title='bbox 404 3447 569 3526; x_wconf 91' lang='lat' dir='ltr'><strong>utramque</strong></span> <span class='ocrx_word' id='word_1_243' title='bbox 590 3445 622 3504; x_wconf 92' lang='lat' dir='ltr'><strong>et</strong></span> <span class='ocrx_word' id='word_1_244' title='bbox 642 3441 841 3504; x_wconf 84' lang='lat' dir='ltr'><strong>uberrimam.</strong></span> <span class='ocrx_word' id='word_1_245' title='bbox 887 3441 1030 3506; x_wconf 79' lang='lat' dir='ltr'><strong>Quarum</strong></span> <span class='ocrx_word' id='word_1_246' title='bbox 1051 3443 1124 3506; x_wconf 89' lang='lat' dir='ltr'><strong>hanc</strong></span> <span class='ocrx_word' id='word_1_247' title='bbox 1141 3442 1169 3506; x_wconf 91' lang='lat' dir='ltr'><strong>in</strong></span> <span class='ocrx_word' id='word_1_248' title='bbox 1183 3443 1248 3508; x_wconf 81' lang='lat' dir='ltr'><strong>Cho]</strong></span> 
     </span>
     <span class='ocr_line' id='line_1_32' title="bbox 230 3552 813 3637; baseline 0 -22"><span class='ocrx_word' id='word_1_249' title='bbox 230 3553 489 3637; x_wconf 66' lang='lat' dir='ltr'><strong>recognoscimus</strong></span> <span class='ocrx_word' id='word_1_250' title='bbox 505 3553 592 3616; x_wconf 91' lang='lat' dir='ltr'><strong>illam</strong></span> <span class='ocrx_word' id='word_1_251' title='bbox 607 3552 641 3615; x_wconf 92' lang='lat' dir='ltr'><strong>in</strong></span> <span class='ocrx_word' id='word_1_252' title='bbox 656 3552 813 3618; x_wconf 89' lang='lat' dir='ltr'><strong>diverbiis.</strong></span> 
     </span>
    </p>

    <p class='ocr_par' dir='ltr' id='par_1_3' title="bbox 231 3662 1248 3976">
     <span class='ocr_line' id='line_1_33' title="bbox 275 3662 1248 3750; baseline -0.002 -22"><span class='ocrx_word' id='word_1_253' title='bbox 275 3666 382 3730; x_wconf 81' lang='lat' dir='ltr'><strong>Romae</strong></span> <span class='ocrx_word' id='word_1_254' title='bbox 402 3687 496 3750; x_wconf 87' lang='lat' dir='ltr'><strong>quam</strong></span> <span class='ocrx_word' id='word_1_255' title='bbox 514 3665 609 3748; x_wconf 90' lang='lat' dir='ltr'><strong>longe</strong></span> <span class='ocrx_word' id='word_1_256' title='bbox 627 3664 691 3727; x_wconf 87' lang='lat' dir='ltr'><strong>alia</strong></span> <span class='ocrx_word' id='word_1_257' title='bbox 716 3687 748 3728; x_wconf 91' lang='lat' dir='ltr'><strong>se</strong></span> <span class='ocrx_word' id='word_1_258' title='bbox 772 3662 878 3727; x_wconf 91' lang='lat' dir='ltr'><strong>omnia</strong></span> <span class='ocrx_word' id='word_1_259' title='bbox 901 3663 1052 3726; x_wconf 91' lang='lat' dir='ltr'><strong>haberent</strong></span> <span class='ocrx_word' id='word_1_260' title='bbox 1072 3663 1118 3726; x_wconf 82' lang='lat' dir='ltr'><strong>vix</strong></span> <span class='ocrx_word' id='word_1_261' title='bbox 1133 3663 1248 3726; x_wconf 89' lang='lat' dir='ltr'><strong>iudicatu</strong></span> 
     </span>
     <span class='ocr_line' id='line_1_34' title="bbox 231 3765 1248 3860; baseline -0.003 -19"><span class='ocrx_word' id='word_1_262' title='bbox 231 3800 296 3842; x_wconf 89' lang='lat' dir='ltr'><strong>esse</strong></span> <span class='ocrx_word' id='word_1_263' title='bbox 311 3778 417 3843; x_wconf 87' lang='lat' dir='ltr'><strong>velim.</strong></span> <span class='ocrx_word' id='word_1_264' title='bbox 462 3775 555 3840; x_wconf 91' lang='lat' dir='ltr'><strong>Nihil</strong></span> <span class='ocrx_word' id='word_1_265' title='bbox 574 3765 732 3860; x_wconf 80' lang='lat' dir='ltr'><strong>poeticum</strong></span> <span class='ocrx_word' id='word_1_266' title='bbox 751 3775 785 3838; x_wconf 91' lang='lat' dir='ltr'><strong>in</strong></span> <span class='ocrx_word' id='word_1_267' title='bbox 804 3775 934 3838; x_wconf 90' lang='lat' dir='ltr'><strong>barbaro</strong></span> <span class='ocrx_word' id='word_1_268' title='bbox 953 3773 1067 3857; x_wconf 87' lang='lat' dir='ltr'><strong>populo</strong></span> <span class='ocrx_word' id='word_1_269' title='bbox 1087 3775 1137 3837; x_wconf 89' lang='lat' dir='ltr'><strong>nisi</strong></span> <span class='ocrx_word' id='word_1_270' title='bbox 1153 3775 1172 3837; x_wconf 92' lang='lat' dir='ltr'><strong>ii</strong></span> <span class='ocrx_word' id='word_1_271' title='bbox 1186 3779 1248 3838; x_wconf 76' lang='lat' dir='ltr'><strong>versi</strong></span> 
     </span>
     <span class='ocr_line' id='line_1_35' title="bbox 231 3883 1248 3976; baseline -0.006 -22"><span class='ocrx_word' id='word_1_272' title='bbox 231 3883 308 3976; x_wconf 86' lang='lat' dir='ltr'><strong>quos</strong></span> <span class='ocrx_word' id='word_1_273' title='bbox 328 3900 341 3931; x_wconf 64' lang='lat' dir='ltr'><strong>a</strong></span> <span class='ocrx_word' id='word_1_274' title='bbox 353 3889 452 3954; x_wconf 81' lang='lat' dir='ltr'><strong>Fauni</strong></span> <span class='ocrx_word' id='word_1_275' title='bbox 474 3894 623 3972; x_wconf 90' lang='lat' dir='ltr'><strong>vatesque</strong></span> <span class='ocrx_word' id='word_1_276' title='bbox 645 3887 829 3964; x_wconf 56' lang='lat' dir='ltr'><strong>canebant?</strong></span> <span class='ocrx_word' id='word_1_277' title='bbox 863 3885 1017 3970; x_wconf 90' lang='lat' dir='ltr'><strong>principes</strong></span> <span class='ocrx_word' id='word_1_278' title='bbox 1040 3883 1159 3949; x_wconf 88' lang='lat' dir='ltr'><strong>civitatis</strong></span> <span class='ocrx_word' id='word_1_279' title='bbox 1178 3886 1248 3958; x_wconf 84' lang='lat' dir='ltr'><strong>Graec</strong></span> 
     </span>
    </p>
   </div>
   <div class='ocr_carea' id='block_1_3' title="bbox 0 0 1352 4126">
    <p class='ocr_par' dir='ltr' id='par_1_4' title="bbox 0 0 1352 4126">
     <span class='ocr_line' id='line_1_36' title="bbox 0 0 1352 4126; baseline 0 0"><span class='ocrx_word' id='word_1_280' title='bbox 0 0 1352 4126; x_wconf 95' lang='lat' dir='ltr'><strong> </strong></span> 
     </span>
    </p>
   </div>
  </div>
 </body>
</html>
