2686 4126
336 17 396 92 Dc
413 15 570 92 Socaico
587 17 698 96 Pocsi
716 18 979 93 Romanam.
1159 27 1204 94 15

114 215 253 282 multum
281 223 434 296 versatus,
464 217 643 302 hujusmodi
670 217 974 303 mpraesentationcm
1006 217 1065 283 sibi
1101 219 1207 283 studio

113 328 327 394 simulaverat.

158 441 279 506 Eadem
304 463 377 506 vero
406 463 455 506 res
483 441 518 504 in
549 441 683 505 Horatio
713 441 825 505 clarius
852 446 990 526 apparet.
1039 439 1098 506 Ille
1123 441 1208 504 enim

113 559 148 616 et
172 557 336 637 poetarum
359 557 426 618 erat
445 553 543 638 judex
570 551 737 616 acerrimus
763 557 796 616 et
821 551 866 616 rei
891 551 1029 636 poetica,
1051 558 1084 616 et
1107 574 1209 618 mores

111 663 280 728 hominum
309 670 342 729 et
366 665 467 730 vitam
496 685 693 728 communem
723 661 768 726 ita
796 663 837 726 ad
861 662 960 727 vitam
991 663 1142 747 expressit
1170 667 1209 727 ut

116 795 215 858 prope
239 775 459 840 affirmaverim
483 775 604 840 nullam
630 774 714 838 illius
743 773 904 858 reliquisse
932 780 1063 859 partem.
1108 773 1210 858 Atqui

113 907 281 970 nusquam,
306 892 345 950 ut
367 886 488 970 opinor,
513 891 569 950 aut
595 908 628 950 se
650 885 755 969 ipsum
780 885 820 950 ad
851 885 1011 949 theatrum
1040 885 1210 950 contulisse

113 997 171 1082 qui
189 996 309 1062 fabulas
328 997 451 1062 audiret
471 997 647 1082 profitetur,
668 1019 768 1082 neque
791 1019 979 1082 quemquam
1002 1019 1109 1061 eorum
1131 1019 1209 1082 quos

113 1107 274 1175 describit.
319 1109 422 1193 Leges
439 1131 513 1173 vero
534 1131 612 1194 quas
632 1108 668 1172 in
687 1131 781 1172 usum
801 1107 845 1172 rei
866 1108 994 1172 scenica
1013 1108 1209 1193 conscripsit,

112 1221 232 1306 partim
258 1243 296 1284 ex
320 1221 500 1284 Graecorum
525 1243 584 1284 usu
608 1225 684 1284 sunt
709 1219 866 1297 derivata,
891 1219 1008 1303 partim
1033 1220 1209 1286 adolescen-

112 1331 203 1396 tibus
231 1331 558 1410 accommodabuntur,
587 1331 642 1415 qui
670 1330 711 1394 ad
742 1330 938 1395 recitandum
967 1331 1098 1411 fabulas,
1127 1355 1209 1396 nun-

114 1465 212 1528 quam
231 1443 272 1507 ad
291 1442 577 1529 repraesentandum
596 1442 631 1506 in
651 1463 751 1520 scena,
772 1447 1022 1527 composuerunt.
1067 1443 1211 1528 Denique

114 1553 275 1618 neminem
303 1553 388 1620 inter
420 1554 551 1639 aquales
580 1577 652 1619 suos
686 1559 724 1618 ut
752 1554 787 1617 in
819 1553 879 1618 hoo
911 1575 1026 1638 genere
1055 1553 1210 1620 scribendi

113 1665 322 1730 excellentem
344 1665 464 1744 laudat,
486 1671 616 1750 excepto
636 1664 734 1729 Van'o
744 1691 755 1743 3
785 1665 873 1750 cujus
896 1664 1023 1750 quidem
1045 1665 1209 1750 Thyestes,

116 1775 233 1841 nobilis
255 1776 323 1842 sine
344 1777 438 1842 dubio
462 1777 579 1855 fabula,
599 1799 640 1840 an
659 1799 799 1861 unquam
819 1776 853 1840 iu
874 1799 1000 1841 scenam
1024 1776 1147 1862 prolata
1168 1777 1211 1842 sit

116 1888 257 1953 maxime
276 1887 402 1952 videtur
422 1888 586 1954 incertum.
633 1887 727 1952 Quod
742 1887 959 1953 Quintilianus
978 1910 1063 1966 vero,
1078 1887 1212 1972 scriptor

116 1999 380 2078 accuratissimus,
403 2004 471 2064 tem
496 1999 597 2064 levem
621 1997 696 2063 fecit
719 1997 764 2062 rei
787 1999 915 2064 scenicae
941 1999 1210 2080 memorationem,

116 2111 192 2175 huic
212 2134 313 2176 causas
334 2111 460 2176 videtur
476 2109 685 2188 referendum,
700 2109 783 2194 quod
810 2110 937 2174 omnino
957 2110 1127 2176 interiisset
1142 2111 1211 2196 jam

117 2221 227 2286 Roma
255 2245 356 2304 scena,
383 2245 456 2288 cum
484 2221 571 2286 omni
599 2223 666 2308 ejus
694 2225 855 2306 apparatu.
912 2221 976 2284 Vix
1006 2221 1127 2286 duobus
1155 2227 1212 2286 aut

115 2332 220 2398 tribus
249 2334 352 2399 verbis
385 2333 553 2420 unicuique
588 2333 781 2399 scenicorum
815 2332 978 2414 satisfecit,
1007 2333 1115 2398 eodem
1148 2333 1213 2398 fere

103 2439 194 2528 'erga
222 2451 344 2510 veteres
379 2445 505 2510 fast-idio
538 2467 613 2509 usus
647 2443 731 2530 quod
769 2443 804 2508 in
840 2444 973 2508 Horatio
1008 2445 1211 2529 percepimus.

117 2555 274 2641 Denique,
294 2557 378 2642 quod
396 2556 552 2641 Virgilius
576 2578 656 2641 soepe
679 2561 800 2620 veteres
822 2554 990 2640 tragoedos,
1005 2561 1127 2620 secutos
1151 2562 1211 2634 est,

116 2667 152 2730 in
178 2688 239 2752 qua
263 2689 297 2732 re
320 2667 551 2752 comprobanda
575 2667 714 2731 multum
739 2666 893 2731 laboravit
918 2665 1111 2747 Macrobius,
1131 2665 1212 2732 illud

117 2777 158 2842 iis
183 2801 252 2862 qna
276 2779 370 2843 modo
393 2779 530 2842 diximus
559 2777 690 2842 minime
715 2783 881 2862 repugnat.
925 2777 1098 2863 Virgilium
1127 2779 1212 2843 enim

117 2888 288 2954 vetustatis
309 2889 405 2954 brisso
428 2889 694 2954 studiosissimum
717 2888 837 2952 nemini
864 2893 913 2953 est
936 2889 1103 2974 ignotum3
1128 2890 1212 2954 unde

117 2999 186 3066 fien‘
208 3004 333 3086 poterat
354 3006 392 3066 ut
414 3000 500 3086 poesi
523 3005 667 3066 veterum
688 2998 880 3064 scenicorum
902 2999 1071 3085 diligenter
1089 3001 1211 3065 incum-

118 3111 217 3192 beret,
246 3111 386 3176 fabulam
414 3112 449 3176 in
477 3133 569 3176 scena
596 3111 752 3196 prolatam
781 3133 942 3196 nunquam
970 3111 1110 3176 vidisset.
1165 3111 1213 3175 Ea

119 3244 193 3288 vero
216 3246 284 3308 quae
305 3223 339 3288 in
355 3223 495 3288 versibus
515 3223 581 3308 ejus
600 3221 861 3307 deprehendimus
880 3223 1038 3308 tragicum
1060 3222 1213 3307 spirantia

119 3334 264 3400 nonnihil
293 3335 398 3420 potius
426 3357 520 3421 quam
549 3334 719 3410 heroicum,
749 3333 850 3398 multo
881 3333 1001 3398 facilius
1032 3333 1212 3398 Graecorum
1321 3395 1322 3442 ξ

120 3467 217 3510 soenae
243 3453 319 3512 sunt
344 3447 515 3526 referenda,
537 3451 574 3510 ut
597 3469 665 3532 quae
693 3467 749 3530 per
772 3445 1000 3511 Alexandrinos
1025 3445 1213 3510 derivaverit
1321 3443 1322 3475 ³

119 3561 238 3642 poetas,
253 3581 347 3643 quam
364 3558 424 3644 ipsi
440 3558 628 3624 Latinorum
642 3557 723 3622 usui.

163 3669 256 3734 XIV.
280 3669 495 3736 Satisfecimus
509 3691 596 3754 ergo,
611 3675 766 3754 quantum
785 3669 820 3731 in
839 3690 873 3732 re
891 3667 1022 3732 obscura
1042 3669 1212 3752 potuimus,
1314 3671 1321 3696 ¹

120 3779 258 3845 historia
287 3781 364 3846 artis
390 3782 517 3846 scenica
544 3781 704 3846 Romana.
759 3779 888 3864 Excipit
908 3780 976 3864 jam
1002 3801 1059 3844 nos
1084 3781 1214 3864 questio

120 3913 214 3976 quam
237 3891 271 3955 in
289 3892 380 3958 initio
401 3893 630 3978 proposuimus,
645 3915 701 3956 cur
720 3897 788 3956 tam
810 3890 925 3975 exiguo
948 3891 1055 3956 Romae
1077 3891 1142 3956 baec
1163 3915 1213 3956 ers

452 4005 599 4038 V'Jssm...
616 4027 681 4040 ..ι-υ.
699 4002 910 4040 :nt-minatam
930 4003 961 4040 in
982 4003 1089 4040 mlum
1118 4009 1148 4040 ..ὁ
1170 4004 1212 4040 :kl
